2096 2633
944 134 1132 164 ..s-

291 232 448 266 Mamilia
465 232 545 270 lege
561 247 600 252 -
616 229 687 260 Lex
708 227 851 260 Mamilia
872 227 1005 259 aliorum
1027 225 1142 258 iudicio
1171 234 1190 256 a
1211 224 1340 257 consule
1363 224 1397 256 O.
1413 222 1552 257 Mamilio
1572 222 1707 255 Turrino
1723 223 1787 254 239
1800 231 1830 255 a.
1845 222 1931 263 Ghr„

135 285 269 317 aliorum
291 292 311 315 a
332 281 459 314 tribuno
482 280 584 320 plebis
608 280 642 311 G.
665 270 808 311 Mamilio
830 277 997 310 Limetano
1023 278 1083 308 164
1105 285 1134 308 a.
1158 276 1230 308 Chr.
1253 277 1368 315 rogata
1389 275 1478 315 est1),

291 343 351 376 sed
373 351 392 375 e
414 341 485 375 XII
506 342 581 374 tres
603 340 734 373 arbItrl
755 339 834 372 finis
856 347 1018 378 regemus
1042 355 1081 359 -
1110 335 1242 367 Codices
1272 335 1331 367 hoc
1360 335 1428 367 loco
1450 334 1602 367 exhibent
1633 342 1690 374 „ex
1718 333 1747 365 is
1774 334 1844 366 res¹⁴
1878 333 1931 365 vel

139 404 198 435 „ex
224 393 273 425 his
300 392 383 424 res‘.
428 391 519 425 Haec
547 391 647 422 verba
677 392 788 430 aperte
818 390 966 427 corrupta
994 388 1114 419 nullum
1142 396 1270 419 sensum
1299 386 1463 426 praebent.
1516 385 1670 422 Feliciter
1700 388 1737 420 et
1765 385 1931 419 evidenter

135 446 291 478 Aemarus
306 444 511 476 Ranconetus
530 451 566 482 „e
582 441 649 474 XII
664 442 750 474 tres¹‘
768 439 920 480 restituit,
937 448 1029 478 quem
1040 438 1096 471 alii
1109 438 1302 478 interpretes
1318 437 1421 470 secuti
1432 440 1517 470 sunt.
1561 437 1622 478 Qui
1632 437 1705 470 huic
1720 437 1931 471 emendationi

135 495 292 530 adsentiri
313 494 551 534 dubitaverunt,
582 502 612 526 a.
635 493 668 525 J.
691 491 862 531 Vahleno’)
889 490 975 522 docti
1004 500 1125 522 omnem
1148 489 1376 522 dubitationem
1404 489 1553 523 abicient.
1598 490 1632 521 Is
1663 489 1747 521 enim
1768 492 1874 522 monet
1895 489 1929 522 in

135 546 208 579 aliis
238 545 316 578 locis
339 548 375 577 ut
397 545 440 585 H,
467 546 495 585 7,
522 546 560 576 18
590 546 624 575 et
646 544 690 584 II,
715 545 765 583 25,
790 544 830 574 64
858 541 990 573 eandem
1017 542 1227 581 corruptelam
1252 540 1452 572 librariorum
1480 549 1587 572 errore
1616 544 1723 573 natam
1752 550 1833 573 esse.
1878 541 1930 572 Ita

135 597 282 629 nimirum
304 596 409 635 priore
432 596 516 627 loco:
548 597 602 634 „ut
631 594 664 625 in
690 593 853 625 veteribus
881 593 947 623 XII
976 592 1172 630 sacratisque
1200 591 1344 631 legibus“
1377 591 1410 623 in
1433 591 1624 624 editionibus
1652 592 1732 624 bene
1758 592 1931 631 repositum

136 650 187 680 est
201 656 258 686 pro
275 657 311 678 eo
327 647 410 687 quod
427 646 500 678 libri
518 655 613 677 manu
624 644 734 685 scripti
746 644 900 683 praebent
915 643 1010 682 „utin
1024 643 1186 674 veteribus
1199 652 1238 674 ex
1255 642 1323 674 his‘
1337 643 1389 681 (B)
1402 645 1457 673 aut
1468 641 1931 685 „exissaemt13q.'‘;

136 698 311 739 posteriore
334 698 402 729 loco
424 689 711 735 „ni·isuiz·i“
733 694 864 734 (nostris
888 693 962 731 viri)
986 693 1018 725 in
1041 693 1200 725 codicibus
1227 693 1279 725 vel
1308 692 1399 724 bonis
1428 692 1556 733 legitur,
1588 702 1667 731 quae
1696 694 1796 725 verba
1821 696 1931 734 aperte

136 754 285 789 corrupta
308 753 384 780 sunt
407 759 446 780 ex
473 748 594 788 „nostri
615 748 647 778 X
672 746 764 777 viri“.

291 810 451 854 Quintus.
480 810 665 853 Quamnam
696 808 810 847 igitur
833 807 1041 840 sententiam
1073 806 1241 839 dicimus!
1273 823 1311 826 —
1344 805 1414 837 Uno
1446 804 1553 836 codice
1584 808 1716 844 excepto
1750 806 1803 845 qui
1836 807 1932 838 habet

140 861 330 902 „dicemus“‚
354 868 462 891 omnes
485 858 638 898 praebent
664 856 846 897 „dicinius“,
871 856 953 895 quod
969 856 1106 887 editores
1130 855 1246 894 optimo
1261 855 1329 887 iure
1352 856 1575 894 probaverunt.
1621 856 1701 887 Nam
1717 857 1756 888 de
1771 857 1933 896 praesenti

136 912 268 945 arbitrio
292 920 395 942 sermo
420 910 558 941 inicitur.

293 964 336 995 Π.
380 963 527 1001 Requiri
559 963 698 1001 plaeere
732 961 912 999 terminos,
947 969 1032 998 quos
1068 960 1228 993 Socrates
1261 961 1411 1000 pega-it,
1442 962 1557 1000 iisque
1588 969 1724 1000 parere.
1750 978 1788 982 -—
1813 961 1933 991 Notant

136 1014 278 1054 plerique
301 1013 510 1051 interpretum
532 1010 753 1042 transitionem
776 1019 795 1040 a
817 1009 947 1048 passiva
970 1009 1068 1040 forma
1092 1010 1269 1041 accusativi
1292 1019 1361 1041 cum
1376 1009 1533 1041 infinitivo
1557 1010 1597 1041 ad
1619 1010 1757 1042 activam
1781 1010 1931 1050 simplicis

135 1065 294 1097 infinitivi.
340 1063 427 1103 Quae
451 1062 599 1093 transitio
623 1061 686 1093 etsi
716 1071 777 1092 non
801 1070 895 1099 saepe
919 1060 1066 1099 occurrit,
1097 1063 1202 1091 tamen
1225 1061 1345 1099 aliquot
1368 1061 1519 1100 exemplis
1551 1071 1569 1092 a
1601 1062 1764 1101 Madvigio
1795 1063 1836 1093 ad
1867 1062 1931 1094 Cic.

135 1116 174 1147 de
197 1116 250 1147 fin.
274 1115 316 1154 ΙΙ,
343 1116 369 1155 7,
393 1115 430 1144 21
457 1113 599 1144 collectis
623 1113 784 1151 probatur.
820 1111 859 1142 cf.
883 1112 922 1142 de
946 1112 1011 1143 fato
1038 1114 1087 1152 11,
1112 1114 1168 1143 23:
1192 1113 1224 1143 id
1247 1113 1307 1144 fuit
1334 1113 1460 1144 defendi
1482 1113 1592 1144 melius
1616 1123 1708 1152 quam
1731 1114 1932 1147 introducere

136 1166 391 1206 declinationem,
415 1164 490 1196 ibid.
515 1165 566 1204 20,
591 1165 646 1195 46:
670 1164 728 1194 hoc
751 1163 840 1194 modo
864 1163 945 1194 hanc
968 1172 1094 1194 causam
1110 1163 1284 1203 disceptari
1307 1167 1441 1204 oportet,
1465 1174 1527 1196 uon
1549 1165 1589 1195 ab
1612 1165 1790 1198 atomis...
1804 1169 1932 1205 ,petere

135 1218 340 1258 praesidium3
374 1217 493 1247 Brutus
528 1215 607 1246 196:
641 1224 732 1253 quam
764 1214 939 1252 captiosum
971 1216 1058 1244 esset
1088 1215 1212 1254 populo,
1246 1215 1328 1253 quod
1360 1215 1511 1254 scriptum
1544 1219 1640 1255 esset,
1673 1216 1802 1256 neglegi
1829 1235 1868 1239 —
1899 1220 1932 1248 et

135 1268 398 1308 interpretatione
422 1267 614 1297 disertorum
637 1265 756 1304 scripta
780 1264 968 1303 simplicium
991 1265 1150 1295 hominum
1172 1269 1368 1304 pervertere.

287 1328 325 1371 Q.
370 1328 566 1366 Praeclare,
588 1326 711 1366 frater,
733 1326 801 1357 iam
823 1334 913 1357 nunc
935 1335 955 1357 a
977 1326 1013 1357 te
1036 1327 1141 1358 verba-
1162 1328 1377 1366 usurpantur
1404 1327 1519 1360 civilis
1541 1328 1632 1360 iuris
1654 1329 1691 1360 et
1712 1329 1841 1368 legum,
1863 1338 1930 1368 quo

136 1379 179 1411 de
201 1386 329 1418 genere
352 1378 497 1417 expecto
520 1376 790 1416 disputationem
812 1377 922 1415 tuam3
953 1384 1032 1407 nam
1055 1376 1124 1408 ista
1148 1377 1287 1415 quidem
1309 1385 1433 1417 magna
1454 1377 1658 1411 diiudicatio
1680 1379 1746 1418 est,
1768 1379 1810 1411 ut
1830 1387 1875 1411 ex
1896 1380 1932 1411 te

135 1430 212 1469 ipso
234 1436 337 1467 saepe
359 1427 515 1466 cognovi.
560 1426 626 1459 Sed
648 1427 742 1457 certe
763 1426 813 1457 ita
835 1434 892 1457 res
915 1434 952 1458 se
974 1426 1092 1465 habet,
1117 1428 1157 1458 ut
1179 1435 1224 1459 ex
1245 1428 1369 1459 natura
1390 1428 1507 1460 vivere
1530 1436 1701 1460 summum
1724 1430 1851 1461 bonum
1873 1429 1933 1469 sit,

135 1478 172 1511 id
194 1480 260 1518 est,
283 1478 354 1510 vita
376 1476 510 1509 modica
532 1477 568 1508 et
589 1477 669 1516 apta
690 1476 821 1508 virtute
849 1476 998 1515 perfrui,
1032 1477 1094 1508 aut
1116 1477 1277 1509 naturam
1300 1477 1398 1516 sequi
1429 1478 1465 1510 et
1486 1478 1562 1510 eius
1584 1478 1683 1517 quasi
1705 1479 1783 1518 lege
1805 1479 1932 1519 vivere,
1971 1475 1977 1481 “

136 1529 172 1561 id
201 1530 266 1568 est,
295 1528 400 1567 nihil,
426 1528 593 1567 quantum
621 1527 659 1558 in
687 1526 762 1565 ipso
791 1527 849 1565 sit,
880 1527 1167 1566 praetermittere
1196 1535 1262 1566 quo
1292 1527 1406 1560 mInus
1437 1536 1489 1568 es,
1511 1536 1599 1567 quae
1621 1529 1746 1560 natura
1767 1530 1933 1569 postulet,

136 1580 379 1618 consequatur,
402 1577 494 1617 quod
516 1570 611 1609 inter
632 1577 717 1608 haec
732 1576 818 1608 velit
832 1577 963 1608 virtute
981 1578 1157 1615 tamquam
1174 1578 1252 1617 lege
1266 1578 1391 1609 vivere.
1435 1578 1652 1620 Quapropter
1665 1578 1731 1610 hoc
1747 1578 1933 1611 diiudicari

136 1630 252 1661 neseio
275 1638 318 1660 an
339 1636 539 1667 numquam,
569 1626 630 1658 sed
659 1626 724 1658 hoc
752 1635 909 1658 sermone
937 1629 1033 1659 certe
1063 1637 1130 1659 non
1152 1629 1279 1667 potest,
1312 1628 1343 1659 si
1365 1627 1503 1666 quidem
1525 1628 1573 1668 id,
1595 1628 1686 1667 quod
1708 1629 1933 1669 suscepimus,
1987 1666 1992 1671 .

136 1679 330 1718 perfecturi
353 1686 484 1710 sumuS.
530 1676 693 1707 Permulta
717 1676 755 1706 de
779 1676 837 1706 hoc
860 1676 926 1706 loco
950 1677 1113 1715 disputata
1137 1680 1211 1707 sunt
1237 1686 1256 1707 a
1279 1677 1357 1707 viris
1384 1677 1496 1715 doctis,
1525 1677 1580 1707 alii
1604 1680 1704 1708 totum
1727 1678 1827 1708 locum
1858 1679 1934 1716 „sed

135 1730 294 1759 certe...
308 1752 315 1759 .
329 1731 487 1767 tamquam
516 1728 588 1767 lege
612 1727 739 1758 vivere“
766 1726 941 1758 eiciendum
964 1737 1035 1759 esse
1065 1730 1265 1763 censuerunt.
1295 1727 1350 1759 alii
1373 1728 1515 1759 ultimam
1539 1730 1663 1759 tantum
1686 1731 1810 1768 partem
1838 1729 1937 1767 „quod

138 1779 225 1810 inter
247 1780 325 1810 haec
348 1780 428 1811 velit
449 1779 570 1810 virtute
602 1781 762 1817 tamquam
794 1779 865 1818 lege
898 1779 1039 1810 vivere“.
1094 1779 1171 1810 Mihi
1203 1779 1305 1810 onmia
1336 1780 1434 1810 verba
1465 1779 1582 1811 tuenda
1613 1780 1763 1811 videntur
1796 1780 1939 1819 exceptis

139 1830 248 1861 verbis
275 1831 375 1869 ‚quod
398 1831 481 1862 inter
504 1831 581 1861 haec
606 1830 685 1861 velit
700 1829 821 1861 virtute
838 1833 998 1868 tamquam
1011 1831 1082 1869 lege
1096 1831 1236 1870 vivere‘·,
1261 1840 1341 1869 quae
1358 1840 1486 1870 prorsus
1503 1831 1620 1861 nullum
1634 1840 1760 1862 sensum
1774 1832 1939 1870 praebent.

139 1882 287 1914 Ceterum
310 1885 397 1913 recte
420 1882 481 1913 iam
495 1881 672 1913 'annotavit
702 1881 873 1921 Vahleuus,
898 1881 1003 1912 deleta
1026 1885 1093 1913 tota
1117 1882 1175 1913 hac
1203 1885 1293 1921 parte
1316 1882 1453 1914 hiulcam
1481 1882 1549 1913 fieri
1572 1882 1743 1914 orationem
1771 1892 1810 1914 ex
1835 1883 1938 1923 plana,

140 1933 214 1972 quia
233 1933 315 1972 „ista
331 1933 474 1971 quidem“
493 1933 592 1963 verba
608 1932 791 1964 desiderent
803 1933 974 1963 membrum
990 1933 1166 1972 oppositum
1186 1934 1260 1972 „sed
1273 1935 1377 1965 certe“
1401 1937 1434 1964 et
1454 1937 1662 1973 „quapropter
1677 1934 1736 1965 hoc
1751 1934 1935 1966 diiudicari“

138 1993 201 2015 non
224 1983 349 2023 possint
371 1984 456 2014 nullo
479 1983 647 2014 intervallo
671 1983 802 2022 adiungi
825 1983 889 2014 illis
917 1984 999 2022 „ista
1022 1984 1145 2022 quidem
1169 1994 1284 2024 magna
1307 1985 1489 2016 diiudicatio
1514 1985 1598 2022 est“;
1623 1984 1775 2016 accedere
1801 1986 1886 2023 quod
1908 1986 1941 2016 in

140 2035 249 2067 verbis
272 2035 351 2074 ipsis
376 2035 443 2067 fere
466 2034 544 2066 nihil
568 2034 620 2075 sit,
644 2035 725 2073 quod
748 2044 808 2066 uon
832 2035 933 2074 possit
957 2035 1107 2067 Cicerone
1132 2039 1217 2067 teste
1240 2036 1368 2067 firmari.

294 2095 567 2136 disputationem
602 2112 640 2115 —
673 2095 715 2125 ab
742 2095 799 2125 hoc
834 2095 941 2134 verbo,
975 2095 1057 2132 quod
1091 2095 1121 2126 in
1158 2096 1283 2135 optimis
1319 2095 1478 2126 codicibus
1512 2096 1552 2134 (A
1580 2099 1612 2127 et
1640 2096 1680 2135 B)
1712 2096 1842 2136 legitur,
1881 2106 1942 2127 non

139 2145 364 2177 discedendum
393 2145 547 2185 arbitror3
580 2144 704 2175 codices
734 2145 907 2176 deteriores
937 2146 1055 2177 habent
1084 2147 1208 2185 quidem
1242 2147 1517 2187 „dubitatioueiu'“,
1552 2157 1643 2186 quain
1675 2157 1784 2179 vocem
1820 2148 1944 2188 recepit

140 2196 345 2236 Goerenzius,
369 2196 535 2235 probatam
558 2196 626 2226 loco
649 2195 713 2226 Cic.
738 2205 793 2233 pro
817 2197 909 2227 Rosc.
933 2197 1000 2227 Am.
1026 2200 1076 2236 31,
1102 2200 1157 2228 88:
1186 2198 1329 2237 „Restat,
1354 2198 1484 2237 iudices,
1515 2202 1549 2229 ut
1573 2199 1630 2229 hoc
1654 2198 1847 2238 dubitemus,
1872 2202 1944 2230 uter

295 2332 318 2370 ¹)
340 2331 449 2371 Pauly.
471 2330 596 2370 Encycl.
619 2330 676 2368 IV,
701 2331 772 2362 985.

293 2374 316 2411 2)
338 2373 509 2405 Zeitschrift
530 2373 551 2404 f.
575 2376 601 2405 ὅ,
625 2373 807 2413 Gymnasien
828 2372 933 2414 Jahrg.
960 2374 1049 2412 1860,
1075 2375 1090 2404 1
1115 2384 1142 2414 p.
1167 2376 1218 2407 30.
