2096 2633
921 139 1127 170 -10-

122 229 254 262 Eusebii
281 229 461 261 testimonio
486 229 714 277 intellegimus.
744 227 872 269 ‘Leges
904 229 992 261 dedit
1019 229 1203 262 Charondas
1234 229 1357 262 civibus
1389 230 1466 270 suis,
1497 229 1751 269 Catinensibus&
1785 233 1819 262 et
1848 230 1925 262 aliis

123 280 313 312 Chalcidicis
335 279 522 311 civitatibus
537 279 654 310 Italiae
665 288 704 311 ac
719 279 856 311 Siciliae.
902 280 1006 320 Quare
1022 279 1227 312 vehementer
1240 280 1452 313 multitudinis
1467 289 1544 320 erga
1559 288 1734 312 eumamor
1748 283 1921 314 commotus

124 334 184 372 est,
208 332 254 363 ita
276 334 311 363 ut
333 331 366 362 in
387 330 492 370 patria
511 331 589 362 urbe
604 330 712 362 divino
726 330 844 362 honore
859 330 1088 370 adficeretur¹).
1133 330 1321 363 Voluntaria
1336 335 1436 364 morte
1451 331 1539 372 obiit,
1563 331 1592 364 si
1607 331 1766 364 credimus
1783 331 1926 364 Diodoro

124 382 230 426 Siculo
253 382 319 421 (lib.
343 382 406 412 VII
430 391 456 413 c.
485 383 535 421 19)
559 384 593 412 et
615 381 669 419 qui
690 381 780 412 illum
803 384 931 412 secutus
954 384 1006 412 est
1028 381 1156 413 Valerio
1176 381 1316 413 Maximo
1338 382 1392 414 lib.
1417 383 1463 414 VI
1485 392 1512 414 c.
1537 384 1556 413 5
1578 382 1626 414 ita
1640 382 1813 414 scribenti:
1837 382 1922 422 „Sed

124 433 284 474 aliquanto
307 433 493 465 Charondae
518 432 651 464 Thurini
672 432 883 472 praefractior
912 435 1009 473 atque
1034 432 1207 468 abscissior
1220 434 1223 437 ⁴
1237 431 1371 465 iustitia.
1422 433 1474 465 Ad
1504 433 1570 465 vim
1600 435 1634 465 et
1656 441 1798 465 cruorem
1820 441 1920 478 usque

125 485 294 517 seditiosas
317 484 483 516 conciones
507 484 625 515 civium
646 487 833 523 pacaverat,
855 484 928 523 lege
944 484 1095 524 cavendo,
1118 486 1154 515 ut
1177 483 1291 523 siquis
1313 492 1369 515 eas
1392 493 1463 516 cum
1477 484 1561 517 ferro
1578 485 1747 525 intrasset,
1771 483 1920 516 continuo

124 536 365 568 interficeretur.
411 535 584 567 Interiecto
613 535 726 567 deinde
755 538 905 576 tempore,
932 544 973 567 ex
1003 535 1174 575 longinquo
1201 544 1273 567 rure
1302 535 1409 575 gladio
1439 536 1573 577 cinctus,
1603 536 1728 568 domum
1759 538 1923 579 repetens,

125 588 230 620 subito
252 588 373 619 indicta
395 587 554 627 concione,
579 587 663 618 sicut
684 589 763 627 erat,
785 586 819 618 in
840 596 910 618 eam
932 587 1102 626 processit:
1130 588 1169 618 ab
1193 596 1291 627 eoque
1313 587 1367 627 qui
1388 588 1529 627 proxime
1550 589 1773 630 constituerat,
1797 588 1919 620 solutae

123 649 143 670 a
174 649 209 670 se
240 639 322 678 legis
355 647 432 669 suae
463 638 613 669 monitus:
646 638 733 668 Idem
762 646 822 676 ego
853 638 951 677 illam,
978 638 1090 682 inquit,
1122 638 1276 669 sanciam:
1309 647 1347 669 ac
1374 638 1518 677 protinus
1548 639 1632 671 ferro
1664 640 1746 679 quod
1776 640 1915 671 habebat

125 689 271 722 districto
302 689 454 721 incubuit.
499 689 637 728 Cumque
664 689 776 720 liceret
805 689 929 728 culpam
956 689 1007 721 vel
1030 689 1230 721 dissimulare
1252 689 1304 721 vel
1326 698 1433 721 errore
1456 689 1635 731 defendere,
1658 699 1790 730 poenam
1813 692 1918 721 tamen

125 744 368 780 repraesentare
395 741 515 780 maluit,
543 749 582 771 ne
610 749 672 779 qua
700 739 954 776 frausiustitiae
983 740 1105 772 fieret.“
1151 740 1267 771 Verum
1296 740 1370 779 quia
1395 740 1547 772 eiusmodi
1566 741 1679 781 'legum
1702 741 1861 773 sanctoris
1886 744 1920 772 et

126 791 282 823 severitas
306 793 339 822 et
354 790 551 829 perversitas
573 799 593 820 a
608 790 668 821 fide
683 790 844 830 abhorret,
867 800 971 821 rerum
986 791 1257 829 pronuntiatorem
1278 791 1318 821 ab
1333 793 1463 822 auctore
1485 801 1596 830 parum
1618 792 1729 824 idoneo
1753 792 1918 830 deceptum

125 851 198 874 esse
220 842 421 873 arbitramur.
466 841 650 872 Ciceronem
672 841 857 872 Charondae
881 841 1030 872 instituta
1059 850 1189 880 quorum
1215 842 1247 873 in
1276 842 1365 873 libris
1393 842 1432 874 de
1461 842 1587 883 legibus
1615 842 1767 883 meminit,
1791 842 1920 882 cognita

126 893 275 925 habuisse
298 895 443 932 apertum
470 901 508 923 ac
531 891 731 931 perspicuum
759 895 819 924 est.
868 892 994 924 Etenim
1019 892 1074 924 lib.
1105 892 1138 924 II
1171 902 1237 933 cap.
1265 895 1300 924 6:
1328 893 1401 933 Sed,
1430 894 1543 934 inquit,
1570 897 1607 925 ut
1634 894 1686 926 vir
1714 893 1918 925 doctissimus

126 944 205 976 fecit
226 944 319 975 Plato
341 946 438 982 atque
460 943 543 974 idem
565 943 776 982 gravissimus
792 943 1045 982 philosophorum
1066 943 1211 984 omnium,
1235 944 1287 984 qui
1302 944 1449 984 princeps
1472 945 1511 977 de
1526 954 1560 976 re
1575 945 1703 985 publica
1727 944 1918 984 conscripsit

126 996 271 1034 idemque
295 994 467 1035 separatim
490 994 529 1026 de
551 995 678 1035 legibus
704 994 783 1035 eius,
812 995 844 1026 id
866 994 941 1026 mihi
963 994 1056 1026 credo
1084 1003 1156 1027 esse
1179 994 1368 1036 faciundum,
1397 998 1443 1036 ut,
1467 995 1651 1036 priusquam
1680 996 1782 1036 ipsam
1814 996 1917 1035 legem

127 1047 268 1086 recitem,
298 1047 336 1078 de
366 1047 434 1077 eius
457 1046 540 1086 legis
562 1046 656 1077 laude
683 1046 799 1086 dicam;
827 1046 907 1085 quod
936 1046 1019 1077 idem
1042 1049 1075 1077 et
1096 1046 1265 1077 Zaleucum
1288 1049 1321 1077 et
1343 1046 1540 1078 Charondam
1570 1047 1686 1078 fecisse
1710 1047 1814 1087 video,
1843 1056 1912 1078 cum

128 1098 253 1138 quidem
275 1097 322 1129 illi
344 1107 407 1128 non
431 1096 528 1128 studii
552 1100 585 1128 et
607 1097 838 1136 delectationis,
862 1096 919 1127 sed
941 1096 989 1128 rei
1011 1096 1155 1136 publicae
1179 1105 1274 1127 causa
1296 1097 1385 1136 leges
1408 1097 1593 1129 civitatibus
1617 1097 1682 1129 suis
1706 1097 1920 1137 scripserunt.

128 1150 174 1181 At
204 1149 339 1180 omnium
370 1148 505 1180 maxime
536 1148 747 1180 memorabilis
774 1148 860 1179 locus
892 1150 942 1179 est
973 1148 1027 1179 lib.
1059 1148 1109 1178 III
1136 1157 1204 1188 cap.
1233 1149 1262 1189 2,
1294 1148 1347 1179 ubi
1374 1148 1452 1180 haec
1478 1149 1640 1189 leguntur:
1668 1148 1913 1189 magistratibus

127 1201 228 1240 igitur
243 1210 320 1240 opus
336 1203 397 1239 est,
415 1200 482 1230 sine
499 1209 629 1239 quorum
644 1199 811 1239 prudentia
826 1208 864 1229 ac
880 1199 1047 1238 diligentia
1063 1208 1134 1230 esse
1150 1199 1265 1230 civitas
1280 1208 1343 1230 non
1357 1202 1474 1240 potest,
1490 1209 1683 1240 quorumque
1697 1199 1911 1239 descriptione

129 1251 229 1283 omnis
260 1251 308 1283 rei
338 1251 484 1291 publicae
516 1250 688 1297 moderatio
720 1249 912 1291 continetur;
946 1258 1046 1288 neque
1076 1249 1175 1281 solum
1201 1249 1241 1281 iis
1270 1251 1533 1289 praescribendus
1563 1254 1615 1282 est
1643 1250 1830 1291 imperandi,
1861 1250 1918 1281 sed

129 1304 226 1335 etiam
253 1303 376 1334 civibus
406 1302 644 1341 obtemperandi
666 1302 787 1333 modus:
817 1310 889 1332 nam
915 1304 949 1332 et
980 1300 1034 1339 qui
1062 1301 1141 1333 bene
1172 1301 1307 1340 imperat
1334 1302 1477 1341 paruerit
1504 1302 1673 1341 aliquando
1701 1311 1834 1335 necesse
1856 1304 1920 1342 est,

129 1358 163 1386 et
189 1355 243 1393 qui
265 1355 406 1385 modeste
433 1357 525 1392 paret
554 1353 681 1384 videtur
707 1353 759 1391 qui
790 1352 958 1390 aliquando
987 1352 1120 1391 imperet
1147 1352 1263 1391 dignus
1285 1361 1366 1384 esse.
1390 1352 1503 1393 Itaque
1532 1356 1659 1392 oportet
1689 1356 1723 1385 et
1750 1362 1832 1393 eum,
1863 1353 1917 1392 qui

129 1409 232 1446 paret,
255 1414 383 1445 sperare
407 1414 442 1436 se
464 1404 569 1443 aliquo
592 1407 731 1444 tempore
753 1404 980 1443 imperaturum
1002 1406 1036 1434 et
1058 1403 1155 1444 illum,
1179 1403 1233 1443 qui
1254 1403 1398 1444 imperat,
1421 1404 1563 1444 cogitare
1586 1404 1677 1436 brevi
1691 1407 1832 1444 tempore
1855 1404 1916 1435 sibi

130 1466 204 1488 esse
230 1457 412 1497 parendum.
458 1456 524 1487 Nec
547 1465 622 1487 vero
645 1456 744 1487 solum
767 1459 802 1487 ut
824 1456 1043 1495 obtemperent
1065 1454 1294 1494 oboediantque
1316 1455 1567 1496 magistratibus,
1599 1456 1655 1490 sed
1677 1455 1774 1487 etiam
1804 1458 1840 1487 ut
1862 1465 1916 1487 eos

127 1510 237 1540 colant
260 1508 456 1547 diligantque
472 1507 726 1547 praescribimus,
749 1510 785 1537 ut
807 1506 991 1537 Charondas
1014 1505 1046 1536 in
1070 1505 1136 1536 suis
1159 1505 1238 1536 facit
1258 1506 1394 1545 legibus.
1683 1527 1685 1531 .

284 1561 467 1592 Zaleucum
484 1576 523 1579 —
540 1558 741 1597 Pythagorae
765 1557 928 1597 discipulis
950 1556 1034 1588 haud
1049 1556 1141 1596 pauci
1160 1556 1359 1596 antiquorum
1374 1557 1632 1598 adnumeraruut,
1656 1558 1746 1589 velut
1762 1557 1920 1589 Diodorus

127 1611 234 1651 (Diod.
267 1610 362 1642 Sicul.
394 1609 470 1649 XII,
504 1609 557 1648 20)
590 1609 711 1640 Seneca
741 1610 802 1649 (ep.
835 1609 885 1649 90,
918 1610 950 1649 6)
982 1608 1075 1649 Diog.
1105 1609 1143 1640 L.
1172 1608 1274 1649 (VIII,
1308 1610 1358 1648 16)
1390 1608 1505 1641 Suidas
1535 1619 1566 1641 V.
1594 1609 1769 1650 Ζάλευκος),
1802 1609 1917 1649 quibus

128 1663 285 1694 accedunt
306 1661 500 1701 Porphyrius
525 1661 596 1700 (vit.
619 1661 757 1700 Pythag.
781 1670 808 1691 c.
832 1662 884 1699 21)
907 1663 941 1691 et
963 1660 1160 1692 Jamblichus
1184 1660 1254 1699 (vit.
1270 1660 1407 1700 Pythag.
1431 1670 1458 1692 c.
1484 1662 1515 1700 7)
1538 1660 1676 1692 Samium
1700 1661 1918 1701 philosophum

130 1714 216 1745 illius
238 1722 333 1754 opera
348 1713 437 1752 leges
460 1712 648 1752 imposuisse
663 1711 876 1743 adfirmantes.
922 1712 973 1743 Ex
988 1711 1119 1743 Eusebii
1135 1711 1314 1743 testimonio
1337 1711 1391 1751 qui
1405 1712 1534 1743 Zaleuci
1549 1711 1658 1744 florem
1673 1712 1706 1744 in
1722 1712 1919 1753 Olympiadis

130 1765 245 1797 XXIX
273 1773 387 1796 annum
416 1763 549 1803 primum
576 1763 629 1794 vel
657 1763 690 1794 in
719 1772 834 1794 annum
861 1773 889 1794 a.
917 1763 989 1794 Chr.
1017 1772 1048 1794 n.
1079 1765 1140 1794 664
1170 1763 1307 1794 incidere
1335 1763 1436 1803 docet,
1467 1763 1607 1795 efficitur
1636 1773 1707 1795 eum
1734 1764 1921 1804 Pythagora

131 1815 340 1855 antiquiorem
362 1814 472 1853 esse3).

285 1868 381 1906 leges
403 1865 537 1898 vivendi
561 1883 600 1886 —
624 1874 685 1896 non
713 1867 764 1896 est
787 1873 842 1895 cur
864 1864 1039 1904 exemplum
1062 1864 1155 1896 Bakii
1183 1873 1360 1905 sequamur,
1390 1864 1444 1905 qui
1465 1865 1556 1905 leges
1584 1865 1715 1897 vivendi
1739 1864 1803 1897 dici
1825 1874 1920 1906 posse

131 1920 230 1958 negat
259 1921 292 1949 et
318 1916 483 1956 transponi
511 1917 610 1948 verba
640 1916 723 1948 vult:
751 1916 841 1956 leges
872 1918 905 1947 et
937 1909 1066 1947 vivendi
1095 1916 1293 1957 disciplinam
1319 1916 1475 1949 daturum.
1529 1917 1609 1948 Nam
1642 1919 1678 1948 ut
1705 1917 1757 1949 lex
1788 1917 1919 1949 vivendi

130 1978 241 2001 norma
262 1971 314 1999 est
335 1967 496 2007 universa,
519 1967 559 1998 ad
581 1976 674 2007 quam
701 1966 770 1998 vita
796 1966 963 2007 dirigatur,
996 1966 1042 1997 ita
1070 1967 1159 2007 leges
1188 1970 1262 1998 sunt
1289 1967 1427 2008 singula,
1457 1967 1572 2007 quibus
1603 1967 1671 1999 vita
1698 1967 1918 2010 conformetur,

130 2022 312 2062 praecepta.

280 2073 323 2105 Μ.
345 2072 410 2104 Est
432 2071 538 2103 huius
560 2079 641 2103 vcro
663 2071 921 2111 disputationis,
943 2071 1079 2113 Quinte,
1100 2071 1280 2112 proprium
1301 2070 1349 2111 id,
1370 2071 1462 2110 quod
1475 2073 1648 2112 expectas,
1669 2073 1773 2112 atque
1787 2073 1919 2105 utinam

130 2124 224 2155 esset
244 2123 351 2155 etlam
372 2121 552 2153 facultatis
574 2129 681 2153 meae.
724 2121 791 2154 Sed
819 2121 976 2160 profecto
1001 2121 1053 2153 ita
1074 2130 1112 2154 se
1133 2130 1191 2154 res
1211 2122 1329 2160 habet,
1350 2123 1403 2161 ut,
1434 2122 1597 2160 quoniam
1618 2123 1784 2155 vit-iortun
1807 2130 1920 2156 emen-

128 2173 298 2206 datricem
320 2174 434 2212 legem
449 2179 526 2203 esse
541 2172 681 2210 oportet
694 2171 1084 2211 commendatricemqne
1099 2172 1281 2211 virtutum,
1302 2172 1345 2204 ab
1364 2180 1405 2203 ea
1422 2172 1557 2204 vivendi
1580 2172 1739 2205 doctriua
1760 2172 1918 2206 ducatur.

286 2289 313 2328 ²)
335 2289 462 2320 Aristot
484 2289 579 2320 Polit.
601 2288 645 2325 Π,
668 2289 716 2319 12.
760 2288 848 2319 Plato
869 2288 905 2319 de
926 2289 1078 2328 republica
1098 2288 1138 2326 X,
1159 2298 1189 2328 p.
1211 2290 1282 2320 599.

284 2330 309 2369 ¹)
331 2330 521 2362 Jamblichus
542 2330 579 2362 de
599 2330 653 2362 vit.
674 2330 804 2371 Pythag.
825 2339 850 2362 c.
871 2330 922 2362 30.
965 2331 1004 2362 cf.
1026 2331 1171 2370 Mullach‚
1191 2330 1248 2371 frg.
1269 2330 1343 2371 phil.
1363 2339 1408 2371 gr.
1429 2330 1460 2363 11
1481 2340 1509 2371 p.
1531 2330 1622 2362 XXV
1643 2340 1688 2371 sq.

284 2373 308 2410 ³)
331 2374 368 2406 cf.
389 2373 525 2404 Mullach
546 2372 581 2404 H
601 2382 631 2412 p.
653 2372 723 2405 XL.
