2096 2633
929 89 1135 119 ...12-

285 182 327 214 ut
338 201 463 214 ......
474 179 695 212 tribueretur
725 195 764 199 —
787 177 952 219 inusitata,
985 179 1042 210 sed
1073 187 1135 210 non
1165 179 1309 210 inaudita
1339 179 1415 210 talis
1441 181 1617 217 temporum
1645 178 1829 210 consecutio
1854 181 1924 210 est·

129 232 223 262 tanta
244 230 295 262 vis
318 233 352 262 et
373 232 465 261 tanta
487 228 649 261 sententia
670 214 755 270 est,
764 232 801 261 ut
830 238 868 261 ea
894 238 957 261 non
984 229 1119 262 homini.
1155 231 1428 265 ..tribueretur
1472 229 1569 261 Cuius
1600 238 1729 261 causam
1755 238 1826 262 ean
1851 237 1924 261 esse

130 284 219 313 recte
234 281 461 313 animadvertit
476 281 608 322 Bakius,
631 281 714 320 quod
729 290 749 312 a
764 281 908 321 generali
923 281 1084 313 sententia
1103 254 1145 313 ad
1159 281 1326 314 historiam
1341 284 1534 314 transeatur.
1551 280 1591 313 cf.
1608 280 1700 313 Verr.
1715 280 1760 321 11,
1777 281 1828 321 78,
1847 281 1922 312 191:

129 335 316 368 laudantur
339 337 481 366 emtores
503 336 642 373 veteres,
673 334 783 366 Crassi
815 333 861 366 illi
890 336 924 366 et
946 334 1087 375 Antonii,
1110 334 1193 373 quod
1215 333 1347 366 crimina
1368 333 1488 365 diluere
1510 331 1657 373 dilucide,
1689 331 1772 371 qnod
1794 330 1923 371 copiose

129 394 235 417 rerum
257 394 371 417 causas
394 385 565 417 defendere
588 388 755 420 solerent.

285 438 420 471 homini
441 438 606 478 cuipiam,
636 437 697 471 sed
718 437 887 478 Delphico
909 437 972 470 deo
997 455 1035 459 —
1060 436 1144 468 Illud
1166 445 1282 477 „nosce
1304 434 1358 468 te“
1385 436 1518 476 Delphis
1540 436 1574 467 in
1594 434 1711 474 templo
1733 433 1922 472 inscriptum

129 497 149 519 a
171 488 303 527 Plini01)
326 490 360 519 et
381 487 525 527 Diogene
547 487 707 527 Laertio&
730 487 852 518 Chiloni
874 487 1133 528 Lacedaemonio,
1164 497 1183 519 a
1205 487 1356 519 Cicerone
1384 490 1491 519 autem
1514 487 1572 519 deo
1594 485 1746 526 Delphico
1768 485 1921 517 tributum

129 540 189 571 est.
234 539 328 571 Tusc.
352 538 379 579 Ι,
404 540 455 579 22,
480 539 537 570 52:
567 538 630 570 Est
651 538 730 570 illud
759 537 882 577 quidem
904 538 957 570 vel
979 538 1156 580 maximum,
1180 539 1286 570 animo
1308 539 1377 578 ipso
1403 539 1540 570 animum
1571 538 1690 578 videre,
1720 540 1754 569 et
1774 537 1920 569 nimirum

128 591 210 623 hanc
232 591 330 622 habet
351 590 417 621 vim
439 592 643 629 praeceptum
665 589 832 630 Apollinis,
862 599 923 629 quo
945 593 1052 622 monet
1085 594 1121 622 ut
1150 600 1185 622 se
1214 591 1346 629 quisque
1368 592 1490 621 noscat.
1536 590 1606 621 Non
1632 590 1725 629 enim,
1755 589 1858 629 credo,
1887 588 1920 619 id

128 642 294 681 praecipit,
325 644 361 672 ut
383 642 522 672 membra
544 645 655 672 nostra
681 643 737 671 aut
765 643 921 672 staturam
950 642 1122 681 figuramve
1149 651 1330 682 noscamus3
1359 650 1460 679 neque
1488 651 1546 672 nos
1569 650 1701 679 corpora.
1723 650 1839 680 sumus,
1862 649 1920 672 nec

129 702 188 732 ego
211 692 272 724 tibi
293 693 372 724 haec
395 692 504 724 dicens
527 692 650 731 corpori
672 694 726 723 tuo
749 691 828 723 dico.
874 691 951 724 Cum
973 691 1074 733 igitur
1096 702 1212 734 „nosce
1234 692 1289 725 te“
1317 691 1405 733 dicit,
1432 692 1491 724 hoc
1519 691 1610 724 dicit:
1641 700 1756 732 „nosce
1783 691 1920 723 animum

127 743 246 776 tuum⁴‘.
291 744 371 775 Nam
393 753 506 782 corpus
530 743 655 783 quidem
670 743 762 783 quasi
777 752 836 775 vas
859 746 910 775 est
932 746 988 775 aut
1003 744 1131 784 aliquod
1146 744 1242 776 animi
1257 743 1504 784 receptaculum:
1527 744 1568 775 ab
1583 742 1687 774 animo
1701 744 1756 774 tuo
1772 742 1920 783 quicquid

128 794 245 835 agitur,
269 794 301 826 id
324 794 432 835 agitur
453 803 473 826 a
496 797 538 826 te.
584 794 677 826 Hunc
699 793 800 834 igitur
821 803 916 825 nosse
939 794 1002 826 nisi
1024 795 1166 827 divinum
1188 798 1284 836 esset,
1313 803 1376 826 non
1404 797 1492 826 esset
1514 795 1573 826 hoc
1595 793 1726 826 acrioris
1758 794 1921 825 cuiusdam

127 846 223 878 animi
245 849 448 886 praeceptum
477 846 631 878 tributum
653 846 720 878 deo.
754 845 793 877 cf.
818 846 889 877 Fin.
914 846 952 886 V,
988 848 1036 887 16,
1061 849 1112 888 44,
1141 847 1195 879 ubi
1216 847 1295 879 haec
1317 847 1482 886 leguntur:
1510 846 1593 886 quod
1620 847 1824 886 praeceptum
1847 845 1920 885 quia

128 898 229 929 maius
253 901 332 939 erat,
356 908 449 938 quam
472 901 507 929 ut
529 899 570 929 ab
592 898 716 929 homine
738 898 910 939 videretur,
934 899 1125 931 idcircoadsi
1140 903 1272 939 gnatum
1295 902 1346 931 est
1369 900 1436 930 deo.
1461 900 1555 930 Iubet
1577 899 1677 939 igitur
1699 908 1756 930 nos
1780 897 1919 937 Pythius

128 950 243 990 Apollo
265 959 397 981 noscere
420 952 544 981 nosmet
566 949 662 989 ipsos.

285 1002 345 1041 qui
377 1010 414 1034 se
439 1002 515 1041 ipse
542 1002 639 1034 norit
663 1019 701 1023 —
727 1000 838 1041 „ipse“
870 1001 996 1033 dubium
1025 1011 1087 1033 non
1116 1004 1167 1033 est
1200 1001 1275 1042 quin
1304 1002 1544 1042 praeferendum
1572 1001 1615 1033 sit
1640 1001 1769 1034 lectioni
1797 1002 1919 1042 aliquot

127 1052 318 1084 deteriorum
350 1052 489 1083 codicum
521 1051 675 1092 „ipsum“.
729 1052 840 1084 Multis
871 1052 950 1084 locis
981 1053 1100 1093 legitur
1127 1052 1280 1094 imprimis
1311 1053 1394 1094 apud
1426 1053 1606 1085 Ciceronem
1638 1053 1748 1094 ‚,ipse“
1780 1053 1833 1085 vel
1864 1053 1918 1084 ubi

126 1104 333 1145 oppositionis
356 1106 471 1134 natura
492 1104 568 1134 talis
592 1106 653 1143 est,
676 1106 712 1134 ut
734 1106 950 1143 exspectemus
974 1105 1200 1136 accusativum.
1229 1104 1281 1149 cf.⁴
1299 1105 1338 1135 de
1366 1105 1429 1143 leg.
1452 1104 1478 1144 I,
1503 1106 1554 1143 23,
1583 1106 1637 1135 61:
1666 1113 1759 1143 quam
1785 1114 1820 1135 se
1849 1104 1917 1144 ipse

125 1157 245 1193 noscet,
269 1154 308 1185 de
331 1155 394 1193 leg.
418 1155 444 1194 I,
469 1157 520 1194 24,
549 1156 604 1185 62:
629 1155 682 1194 qui
706 1164 739 1185 se
762 1155 824 1194 ipsi
847 1156 948 1186 velint
970 1165 1072 1187 nosse.
1117 1155 1181 1187 Cic.
1215 1156 1305 1186 Verr.
1329 1155 1355 1195 I,
1380 1157 1409 1195 6,
1436 1157 1487 1186 17:
1515 1155 1560 1186 Ut
1590 1164 1652 1186 non
1683 1154 1773 1186 modo
1802 1155 1916 1195 populo

127 1205 278 1245 Romano,
303 1205 359 1237 sed
382 1205 479 1237 etiam
503 1204 565 1237 sibi
587 1205 656 1245 ipse
679 1206 904 1238 condemnatus
926 1206 1098 1238 videretur.
1290 1198 1293 1200 ⁵

280 1267 318 1291 se
339 1257 470 1302 habere
492 1257 623 1290 sentiet
646 1274 682 1278 -
707 1257 838 1297 Aliquot
860 1257 1067 1298 interpretum
1090 1257 1230 1298 „sentiet
1245 1266 1279 1288 se
1303 1257 1440 1288 habere“
1463 1258 1594 1297 malunt,
1617 1257 1649 1288 id
1672 1257 1754 1297 quod
1775 1257 1917 1288 nonnulli

125 1308 277 1340 exhibent
300 1308 435 1347 codices,
459 1307 514 1339 alii
529 1307 621 1339 fidem
643 1307 805 1338 meliorum
828 1308 969 1339 codicum
984 1308 1086 1340 secuti
1102 1308 1244 1340 scribunt
1267 1317 1324 1348 „se
1339 1309 1456 1340 habere
1472 1308 1621 1340 sentiet“.
1665 1308 1917 1340 Adsentiendum

126 1359 203 1390 mihi
223 1359 273 1390 his
295 1359 433 1398 videtur,
457 1358 590 1398 primum
606 1358 679 1398 quia
701 1358 748 1389 ita
763 1360 930 1390 verborum
946 1368 1042 1391 sonus
1058 1359 1167 1391 melior
1190 1362 1250 1399 est,
1274 1359 1387 1391 deinde
1402 1360 1508 1400 etiam,
1532 1360 1606 1399 quia
1620 1360 1715 1391 lectio
1731 1359 1916 1400 optimorum

126 1411 269 1443 codicum
291 1410 331 1441 iis
354 1409 559 1449 suffragatur.

279 1462 528 1502 ingeniumque
550 1461 587 1493 in
609 1469 646 1494 se
669 1470 770 1495 suum
792 1463 883 1496 sieut
905 1463 1131 1496 simulacrum
1153 1463 1294 1502 aliquod
1309 1463 1461 1496 dicatum
1482 1464 1620 1504 putabit
1643 1479 1681 1484 —
1705 1462 1800 1493 Haud
1822 1463 1914 1495 dubie

126 1512 379 1551 conjungendum
402 1514 453 1543 est
475 1512 656 1551 „dicatum“
680 1521 749 1543 cum
772 1512 984 1552 „ingenium“.
1029 1513 1195 1544 Contraria
1217 1513 1449 1552 interpretatio,
1473 1515 1509 1543 ut
1530 1516 1617 1544 recte
1640 1513 1760 1544 monuit
1782 1513 1913 1554 Bakius,

124 1564 205 1596 nihil
226 1564 333 1595 adfert
355 1563 416 1595 nisi
437 1564 510 1594 hoc:
533 1563 659 1603 putabit
674 1563 836 1602 ingenium
857 1564 890 1595 in
907 1573 941 1595 se
958 1574 1048 1595 suum
1063 1573 1146 1596 esse:
1171 1573 1231 1604 quo
1253 1563 1329 1604 quid
1350 1566 1458 1604 potest
1473 1573 1545 1596 esse
1560 1563 1720 1604 ineptius?
1743 1564 1916 1597 Praeterea

125 1615 225 1648 latine
248 1624 310 1647 non
333 1614 538 1655 coniungitur
559 1616 635 1655 puto
659 1613 795 1656 ‚,sicut“,
823 1614 905 1655 quod
934 1613 1181 1655 intellegendum
1204 1616 1300 1656 esset,
1324 1614 1352 1646 si
1380 1614 1557 1655 legeremus
1580 1617 1673 1656 putat
1694 1614 1854 1656 ingenium
1879 1634 1918 1638 ——

125 1667 208 1699 sicut
231 1666 432 1698 simulacrum
454 1666 590 1706 aliquod.

277 1719 501 1758 perspexerit
521 1719 712 1758 totumque
733 1718 918 1758 temptarit
940 1735 979 1739 ——
1003 1717 1097 1748 Multi
1126 1717 1319 1758 interpretes
1345 1717 1463 1749 inverti
1485 1718 1597 1749 volunt
1623 1717 1701 1749 haec
1742 1719 1850 1759 verba,
1881 1728 1920 1751 ne

124 1771 276 1801 nascatur
297 1767 500 1808 ὑστερολογία.
546 1768 591 1799 Αι
617 1767 798 1799 inversione
827 1767 906 1799 nihil
935 1777 1014 1808 opus
1044 1770 1104 1809 est,
1131 1777 1203 1799 nam
1230 1771 1265 1800 ut
1291 1771 1379 1800 recte
1411 1768 1543 1800 disserit
1573 1768 1769 1800 Goerenzius
1798 1766 1921 1809 „totum

125 1819 311 1860 temptarit“
335 1821 441 1850 notat:
469 1818 613 1850 adhibita
638 1818 738 1849 omnis
765 1818 893 1858 generis
924 1819 1141 1859 exploratione
1164 1819 1369 1859 intellexerit,
1393 1819 1497 1859 qualis
1520 1822 1623 1859 esset3
1653 1820 1725 1859 plus
1748 1819 1848 1859 igitur
1870 1823 1921 1852 est

125 1880 219 1911 quam
240 1869 450 1911 perspexerit,
477 1869 559 1910 quod
582 1869 768 1910 simpliciter
790 1870 916 1910 plenam
937 1869 986 1902 rei
1014 1869 1267 1910 intellegentiam
1298 1873 1398 1903 notat.
1444 1871 1517 1903 Iure
1548 1870 1671 1902 confert
1693 1871 1856 1903 Vahlenus
1879 1871 1920 1903 ad

125 1922 277 1963 Quintum
300 1922 339 1953 fr.
362 1922 389 1962 Ι,
412 1924 443 1962 4,
467 1924 502 1953 5:
527 1922 692 1963 „perspice
715 1931 781 1953 rem
803 1925 838 1953 et
859 1922 1069 1963 pertempta“,
1093 1926 1127 1953 et
1150 1923 1231 1953 bene
1260 1922 1374 1961 adfert,
1402 1921 1615 1962 perspiciendi
1637 1922 1769 1953 verbum
1791 1922 1919 1963 saepius

125 1974 173 2006 ita
194 1974 279 2014 poni,
303 1973 339 2004 ut
361 1974 401 2003 ab
424 1976 574 2004 accurate
596 1973 802 2013 inspiciendo,
825 1974 1028 2013 explorando,
1060 1974 1116 2005 vix
1146 1973 1295 2005 videatur
1324 1973 1462 2012 differre,
1490 1973 1580 2004 velut
1602 1972 1643 2004 ad
1665 1973 1724 2013 IX,
1763 1975 1811 2013 15,
1843 1976 1861 2005 5
1886 1976 1921 2005 ιιι

125 2025 222 2058 velim
244 2036 315 2057 cum
338 2024 439 2057 fabris
462 2034 532 2056 eam
554 2024 702 2064 (domum)
723 2024 910 2065 perspicias.

278 2077 321 2110 ad
353 2075 577 2110 obtinendam
609 2075 932 2117 adipiscendamque
963 2077 1170 2118 sapientiam
1205 2095 1244 2098 —
1279 2078 1332 2108 est
1363 2084 1402 2107 ea
1435 2069 1547 2116 figura,
1589 2085 1669 2116 quae
1702 2076 1921 2116 hysterologia

125 2127 260 2168 (ὕστερον
281 2127 437 2168 πρότερον)
460 2125 578 2157 dicitur
600 2125 641 2157 cf.
665 2126 762 2166 Verg.
786 2126 865 2159 Aen.
888 2127 931 2167 Π,
956 2129 1034 2159 353:
1058 2127 1228 2159 moriamur
1250 2131 1283 2159 et
1306 2127 1339 2158 in
1361 2126 1464 2158 media
1486 2136 1573 2158 arma
1595 2136 1732 2159 ruamus.

276 2246 304 2325 :3
324 2244 537 2323 ῧιίἰιῗιωεᾙὴὶῗ
538 2254 600 2317 431
614 2243 833 2316 {gomae-cz
829 2286 872 2316 τὸ
892 2284 989 2317 Γνῶθι
1011 2286 1129 2324 σαυτόν,
1152 2287 1225 2326 ὅπερ
1247 2286 1436 2327 Αντισθένης
1462 2287 1492 2318 ἐν
1513 2290 1575 2324 ταῖς
1589 2287 1746 2325 Διαδοχαῖς
1760 2286 1922 2328 Φημονόης

125 2327 197 2359 εἶναί
218 2338 315 2369 φησιν,
336 2326 610 2368 ἐξιδιοποιήσασθαι
632 2327 666 2358 δὲ
688 2327 761 2357 αὐτὸ
783 2326 928 2358 Χείλωνα.
