2096 2633
944 73 1128 103 -6-

140 160 282 201 virtutis,
314 161 409 192 officii
440 164 474 193 et
504 162 584 193 bene
612 162 743 194 vivendi
775 162 974 202 disciplinam
1004 162 1156 202 continet,
1189 162 1299 201 paucis
1330 163 1475 202 reliquiis
1504 163 1647 202 exceptis
1678 164 1720 195 ad
1750 165 1930 197 memoriam

140 211 423 250 posteritatemque
445 221 507 243 11011
529 212 647 251 proditi
670 214 772 252 sunt¹)

296 264 333 296 et
352 264 395 295 ab
416 263 480 295 illa
501 265 659 297 Platonis
681 265 817 297 familia
834 281 873 285 —
891 263 987 294 Varie
1009 263 1060 294 hic
1082 263 1169 294 locus
1192 264 1233 294 ab
1250 263 1424 296 editoribus
1446 267 1620 303 temptatus
1643 267 1708 305 est;
1732 263 1931 297 offenderunt

141 314 233 355 enim,
257 315 338 353 quod
360 314 504 346 Platonis
526 315 647 347 familia
668 315 758 347 iuxta
779 317 990 348 Xenocratem
1012 318 1046 347 et
1067 315 1274 347 Aristotelem
1289 315 1450 347 nominata
1472 318 1531 347 est.
1577 316 1650 356 „An
1671 314 1780 356 igitur,
1803 316 1932 354 quaerit

140 365 303 406 Davisius,
330 366 528 397 Xenocrates
556 369 590 398 et
616 367 809 399 Aristoteles
839 377 856 399 e
883 367 1026 399 Platonis
1050 367 1170 407 familia
1196 377 1260 398 non
1282 367 1411 398 fuere?“
1457 367 1571 408 „Certe
1600 367 1749 398 fuerunt“
1776 367 1867 399 addit
1895 371 1932 399 et⁴

140 416 220 457 ideo,
245 417 455 456 corruptelam
477 416 510 448 in
525 426 603 448 voce
626 417 724 458 „illa“
747 419 847 450 latere
863 421 1020 459 statuens,
1043 419 1258 458 reponendum
1281 427 1352 449 esse
1374 420 1468 457 putat
1491 418 1626 458 „omni“.
1671 418 1745 450 Sine
1761 418 1855 450 dubio
1878 419 1930 450 hic

141 477 254 499 sensus
277 467 355 499 insit
377 471 502 507 oportet
524 472 620 507 atque
642 479 677 501 re
700 479 777 501 vera
799 470 893 511 inest,
922 470 950 501 si
971 473 1057 502 recte
1078 471 1137 502 hoc
1159 471 1228 502 loco
1250 471 1349 501 verba
1372 469 1471 511 „illud
1494 470 1547 501 et“
1571 470 1796 510 intellegimus.
1843 470 1930 502 Audi

140 519 249 559 igitur,
273 519 355 557 quod
369 522 475 550 monet
497 520 634 552 Bakius:
658 522 814 560 particula
837 525 870 552 et
891 522 1074 553 adnectitur
1095 522 1279 552 universum
1296 530 1396 560 genus
1413 521 1559 560 singulis,
1583 531 1664 559 quae
1691 524 1930 553 commemorata

140 573 241 601 erant.
287 570 440 601 Similiter
461 571 588 610 saepius
612 575 781 611 usurpatur
796 572 954 611 particula
975 581 1049 610 que:
1074 572 1138 603 Cic.
1162 572 1201 603 de
1223 572 1278 603 fin.
1302 572 1345 612 Π,
1371 573 1420 611 13,
1444 573 1485 602 30
1508 574 1541 603 et
1563 571 1624 612 III,
1648 574 1678 612 4,
1705 575 1754 604 14.

295 623 456 662 essetque
480 640 519 644 —-
543 622 624 654 Utra
653 622 791 662 genuina
821 623 864 654 sit
889 623 982 654 lectio
1007 622 1195 663 ‚,essetque“
1219 625 1274 653 aut
1306 624 1360 662 „et
1387 622 1494 653 esset“
1521 631 1560 653 ex
1588 622 1729 653 codicum
1761 622 1929 662 scripturis

140 671 306 703 diiudicari
345 681 407 703 non
440 673 518 711 quit.
574 674 718 705 Halmius
753 675 920 714 legendum
955 677 1065 706 censet
1099 677 1132 705 et
1167 677 1264 714 esset,
1301 673 1399 705 ceteri
1432 673 1623 712 interpretes
1658 674 1864 712 acquiescunt
1896 674 1929 705 in

139 724 275 754 lectione
291 716 361 754 edzq·
385 737 424 752 =
447 728 605 762 essetque.
650 726 711 756 His
733 726 973 757 adsentiendum
996 736 1067 757 esse
1090 726 1165 756 mihi
1187 725 1325 765 videtur,
1349 725 1422 763 quia
1443 724 1600 764 particula
1624 725 1725 768 „quej‘
1747 725 1929 764 plerumque

139 775 237 806 habet
261 775 326 806 vim
349 776 582 816 explicativam,
606 786 685 815 quae
708 777 766 808 hoc
788 778 855 808 loco
879 777 1087 809 desideratur.

294 828 336 860 de
366 829 460 860 omni
489 829 626 861 vivendi
656 830 792 862 ratione
816 846 855 849 —
880 829 940 868 „de
969 838 1004 859 re
1031 828 1185 859 maxima“
1213 827 1352 865 explicat
1376 829 1409 857 et
1436 826 1607 864 amplificat
1622 826 1738 857 ‘verbis
1762 826 1822 866 „de
1844 826 1928 857 omni

139 877 270 909 vivendi
292 878 446 918 ratione“,
470 879 543 917 quia
565 882 634 910 tota
660 880 740 911 bene
766 880 884 919 agendi
912 880 994 911 ratio
1026 880 1204 910 continetur
1235 878 1380 917 opinione
1409 886 1501 915 quam
1527 877 1678 908 habemus
1708 876 1747 907 de
1769 877 1860 917 bono,
1888 877 1927 908 de

138 929 220 960 malo
243 932 286 969 et,
309 929 341 961 id
364 930 446 968 quod
468 932 581 970 restat,
604 930 643 962 de
665 930 705 962 iis
728 932 834 971 rebus,
858 941 937 969 quae
961 930 1059 962 Stoici
1082 929 1233 969 ἀδιάφορα
1256 929 1376 960 (11011111.
1422 927 1533 959 Cicero
1557 927 1721 967 ἀδιάφορον
1744 927 1850 959 reddit
1871 936 1928 966 per

138 979 337 1012 indifferens:
361 981 400 1011 de
422 980 474 1012 fin.
498 980 559 1021 ΙΙΙ,
586 983 635 1021 16,
659 983 715 1014 53:
739 981 822 1020 quod
844 981 891 1012 illi
917 981 1079 1022 ἀδιάφορον
1102 981 1221 1020 dicunt,
1248 980 1291 1010 id‘
1307 979 1382 1010 mihi
1409 979 1456 1009 ita
1482 978 1629 1017 occurrit,
1659 981 1696 1008 ut
1721 979 1926 1013 indifferens

139 1031 291 1064 dicerem:
315 1042 415 1071 neque
442 1033 525 1064 enim
551 1033 629 1064 illud
651 1033 724 1065 fieri
750 1036 875 1072 poterat
904 1034 966 1064 ullo
992 1033 1092 1073 modo,
1122 1034 1159 1064 ut
1184 1031 1263 1063 nihil
1289 1029 1522 1069 relinqueretur
1551 1029 1584 1060 in
1610 1028 1733 1070 mediis,
1763 1028 1845 1067 quod
1870 1029 1927 1059 aut

139 1083 310 1114 secundum
332 1087 477 1115 naturam
499 1087 587 1115 esset
609 1087 666 1115 aut
688 1088 809 1125 contra,
831 1095 897 1125 nec,
922 1094 991 1116 cum
1006 1085 1038 1115 id
1053 1084 1294 1123 relinqueretur,
1317 1082 1395 1113 nihil
1410 1081 1443 1112 in
1458 1082 1508 1113 his
1523 1081 1606 1121 poni,
1631 1081 1713 1119 quod
1728 1079 1926 1112 aestimabile

139 1137 235 1175 esset,
258 1143 317 1166 nec
344 1134 403 1165 hoc
432 1134 535 1174 posito
558 1144 621 1166 non
643 1135 750 1174 aliqua
771 1145 842 1167 esse
865 1135 1055 1175 praeposita.
1101 1135 1201 1167 Recte
1224 1134 1323 1174 igitur
1344 1134 1423 1164 haec
1445 1132 1532 1163 facta
1554 1132 1717 1163 distinctio
1740 1133 1800 1171 est,
1829 1133 1926 1169 atque

138 1186 235 1218 etiam
261 1186 301 1217 ab
331 1186 381 1226 iis,
412 1195 472 1224 quo
500 1186 626 1218 facilius
653 1196 705 1218 res
733 1187 869 1227 perspici
898 1187 1009 1228 possit,
1037 1187 1096 1218 hoc
1128 1186 1228 1218 simile
1259 1184 1398 1224 ponitur:
1430 1186 1466 1214 ut
1496 1183 1589 1223 enim,
1621 1182 1776 1222 inquiunt,
1809 1182 1837 1213 si
1867 1182 1926 1213 hoc

137 1237 293 1277 fingamus
321 1246 392 1269 esse
422 1237 514 1276 quasi
542 1238 636 1269 finem
662 1240 695 1269 et
721 1238 872 1279 ultimum,
902 1239 948 1270 ita
977 1239 1082 1270 iacere
1104 1238 1211 1277 talum,
1242 1239 1278 1267 ut
1304 1238 1410 1266 rectus
1433 1234 1582 1274 adsistat,
1606 1234 1658 1272 qui
1688 1234 1735 1265 ita
1757 1234 1841 1264 talus
1865 1233 1927 1264 erit

137 1289 252 1330 iactus,
275 1292 311 1321 ut
334 1290 428 1321 cadat
448 1292 568 1330 rectus,
591 1290 803 1329 praepositum
825 1290 973 1329 quiddam
994 1290 1124 1321 habebit
1146 1289 1186 1320 ad
1209 1288 1312 1327 finem,
1343 1286 1396 1326 qui
1417 1285 1522 1326 aliter,
1550 1288 1671 1325 contra,
1695 1293 1796 1323 neque
1818 1286 1924 1315 tamen

137 1340 194 1372 illa
216 1340 409 1380 praepositio
431 1341 490 1372 tali
511 1341 553 1372 ad
575 1350 654 1381 eum,
678 1351 768 1379 quem
783 1341 858 1381 dixi,
882 1342 975 1373 finem
994 1340 1177 1380 pertinebit,
1201 1339 1247 1371 sic
1270 1348 1318 1378 ea,
1342 1346 1422 1375 quae
1438 1339 1513 1367 sunt
1527 1335 1720 1375 praeposita,
1743 1335 1927 1366 referuntur

136 1391 193 1423 illa
208 1391 335 1430 quidem
349 1392 390 1423 ad
405 1391 508 1432 finem,
532 1392 589 1423 sed
610 1392 651 1423 ad
666 1392 733 1423 eius
755 1392 820 1423 vim
835 1394 1042 1431 naturamque
1057 1392 1134 1423 nihil
1150 1390 1299 1430 pertinet.
1345 1387 1493 1426 Sequitur
1508 1387 1563 1418 illa
1585 1386 1710 1426 divisio,
1726 1389 1762 1417 ut
1776 1387 1926 1417 bonorum

136 1443 201 1475 alia
223 1443 289 1475 sint
311 1443 352 1475 ad
374 1443 454 1475 illud
476 1443 617 1475 ultimum
639 1443 832 1483 pertinentia
854 1462 895 1467 —
918 1443 965 1475 sic
987 1444 1070 1476 enim
1091 1442 1214 1482 appello
1237 1449 1317 1479 quae
1339 1438 1441 1470 τελικά
1463 1438 1624 1479 (11οη111111,
1646 1446 1719 1468 nam
1741 1437 1800 1468 1100
1822 1436 1925 1475 ipsum

136 1495 350 1536 instituamus,
373 1498 411 1527 ut
432 1495 562 1536 placuit,
585 1495 727 1535 pluribus
749 1496 857 1527 verbis
880 1496 995 1536 dicere,
1026 1495 1108 1534 quod
1129 1503 1190 1526 uno
1212 1502 1274 1525 non
1296 1490 1478 1531 poterimus,
1506 1492 1543 1521 ut
1569 1498 1620 1521 res
1643 1488 1852 1528 intellegatur
1874 1506 1924 1526 —,

136 1547 200 1579 alia
222 1550 327 1579 autem
350 1546 533 1587 efficientia,
557 1556 637 1585 quae
659 1547 774 1578 Graeci
795 1549 944 1588 ποιητικά,
974 1547 1038 1578 alia
1060 1549 1234 1585 utrumque.
1279 1546 1327 1577 De
1356 1541 1590 1581 pertinentibus
1624 1539 1703 1571 nihil
1733 1542 1785 1572 est
1810 1541 1925 1571 bonum

136 1687 268 1730 γράφειν,
289 1686 327 1717 α’·
370 1685 442 1724 Περὶ
463 1683 588 1725 μνήμης,
610 1683 648 1713 α’·
690 1682 762 1722 Περὶ
785 1688 836 1713 τοῦ
863 1683 998 1723 ψεύδους,
1024 1683 1061 1714 α’·
1104 1683 1286 1725 Καλλικλῆς,
1307 1685 1345 1716 α’·
1388 1684 1459 1724 Περὶ
1489 1683 1669 1736 φρονήσεως,
1691 1682 1730 1722 α’,
1836 1682 1923 1714 Οἰκο-

284 1728 322 1759 α’·
364 1726 437 1766 Περὶ
466 1724 666 1776 σωφροσύνης,
692 1723 729 1754 α’·
771 1723 843 1763 Περὶ
868 1725 1019 1776 δυνάμεως
1046 1725 1146 1765 νόμου,
1176 1726 1214 1756 α’·
1256 1726 1328 1766 Περὶ
1347 1725 1503 1765 πολιτείας,
1529 1725 1565 1756 α’·
1609 1724 1681 1764 Περὶ
1700 1682 1783 1755 ὅσι’
1766 1734 1862 1775 τητος,
1884 1725 1922 1756 α’·

135 1772 206 1806 Ὅτι
232 1768 388 1850 napheg!
463 1766 563 1807 ἀρετή,
665 1764 737 1805 Περὶ
761 1770 813 1796 τοῦ
840 1766 932 1805 ὄντος,
957 1765 995 1796 α’·
1039 1765 1113 1838 Περὶ
1135 1766 1293 1809 εἱμαρμένη
1256 1777 1318 1809 νης,
1347 1767 1385 1798 α’·
1428 1766 1499 1806 Περὶ
1531 1770 1590 1797 τῶν
1621 1765 1741 1805 παθῶν,
1764 1765 1801 1795 α’·
1850 1765 1922 1806 Περὶ

134 1815 215 1857 βίων,
240 1823 261 1843 α
321 1810 350 1841 Π
475 1808 562 1848 νοίας,
588 1807 625 1838 α’
766 1807 925 1859 μαθητῶν,
947 1807 985 1847 α’,
1006 1807 1042 1849 β’·
1113 1809 1307 1861 ερὶδικαιρσύ
1345 1820 1369 1849 ς,
1395 1808 1433 1839 α’·
1477 1808 1623 1848 Περὶδιρε
1623 1810 1686 1847 τῆς,
1707 1806 1745 1844 α’,
1788 1806 1805 1822 ’·
1849 1776 1921 1847 Περὶ

135 1857 231 1894 ὠῶν,
251 1853 289 1884 α’·
332 1850 408 1903 Περὶ
447 1851 543 1890 δονῆς,
564 1849 603 1889 α’,
623 1849 659 1891 β·
763 1849 774 1878 ὶ
799 1848 872 1890 βίου,
896 1848 933 1879 α’·
977 1831 1048 1889 Περὶ
1069 1807 1211 1901 ἀνΠδρείας,
1232 1850 1269 1881 α’·
1309 1819 1369 1881 Ὴε
1358 1851 1385 1890 ρὶ
1411 1855 1462 1882 τοῦ
1491 1849 1566 1889 ἑνός,
1587 1848 1624 1880 α’·
1669 1830 1745 1888 Περὶ
1777 1848 1862 1888 δεῶν,
1883 1848 1922 1879 α’·

135 1898 208 1940 Περὶ
232 1895 349 1936 τέχνης,
380 1891 417 1923 α’·
466 1890 537 1934 Περὶ
565 1889 661 1931 Θεῶν,
691 1884 729 1930 α’,
756 1889 792 1932 β’·
835 1889 927 1972 Ῑῖὶρἰ
934 1890 1043 1932 ψυχῆς,
1065 1890 1103 1930 α’,
1125 1891 1161 1933 β’.
1204 1890 1276 1932 Περὶ
1204 1861 1474 1975 Περέταστήῖης,
1496 1891 1534 1922 α’·
1558 1873 1741 1929 Πολιτικός,
1769 1889 1806 1920 α’·
1849 1871 1922 1942 Περὶ

135 1937 420 1987 ξωῑημοούνης,α
399 1933 437 1965 α’·
480 1891 552 1973 Περὶ
572 1932 752 1974 φιλοσοφίας,
774 1932 812 1963 α’·
900 1933 1006 1972 ρὶτῶν
1027 1932 1220 1974 Παρμενίδου,
1241 1933 1290 1964 α’·
1416 1932 1558 1975 δημῇμος
1537 1931 1654 1973 ἢΠερὶ
1667 1931 1861 1971 δικαιοσύνης,
1883 1931 1920 1962 α’

135 1983 207 2023 Περὶ
228 1979 358 2021 aynano,
379 1976 417 2008 α’·
460 1974 529 2006 Τῶν
543 1975 615 2014 περὶ
634 1975 692 2056 τὴνδ
709 1974 846 2007 διάνοιαν.
874 1974 912 2014 α’,
934 1974 971 2016 β’,
991 1974 1029 2015 γ’,
1051 1974 1087 2014 δ’,
1108 1974 1142 2015 ε’,
1195 1974 1261 2015 ,’,ζ
1281 1974 1311 2015 ἠ·
1354 1975 1444 2012 Λύσις
1463 1979 1523 2005 τῶν
1543 1975 1609 2013 περὶ
1623 1984 1640 2004 τ
1640 1973 1819 2014 οὺςλ,6γους
1841 1973 1880 2012 α’,
1903 1973 1920 2004 ί·

135 2024 269 2063 Φυσικῆς
295 2019 478 2060 ἀκροάσεικ,
499 2016 537 2056 α’,
559 2016 635 2058 β,γ
577 2015 827 2032 ''''''
870 2015 1052 2068 Κεφάλαιον,
1073 2016 1111 2047 α’·
1250 2020 1344 2057 γενῶν
1371 2017 1423 2048 καὶ
1446 2016 1542 2056 εἰδῶν,
1571 2015 1609 2046 α’·
1764 2014 1800 2055 ὀρ
1783 2024 1856 2055 ρεια,
1883 2014 1921 2045 α’·

134 2066 248 2104 μύσας
275 2062 313 2102 α’,
342 2061 377 2104 β’·
421 2058 628 2099 Διαιρέσειςμη
639 2016 810 2089 ’δόὲσεων
829 2057 934 2110 βιβλία,
955 2058 993 2098 κ’,
990 2057 1070 2131 μ’,
1074 2057 1112 2099 γ’·
1155 2057 1219 2099 Τῆς
1238 2059 1304 2111 περὶ
1324 2059 1359 2090 τὸ
1381 2040 1571 2099 διαλίγιοΐῖαι
1592 2061 1674 2098 ’πραγ
1616 2067 1733 2099 ραγματ
1815 2056 1843 2099 βι
1862 2056 1921 2097 λία,

133 2108 169 2148 45,
189 2107 270 2148 μ’,α
249 2104 278 2136 α’
279 2103 346 2145 β’,
367 2102 452 2143 ψ’,μ
452 2101 460 2112 '
511 2099 597 2130 Μετὰ
617 2104 705 2130 τοῦτο
725 2099 830 2151 βιβλία,
852 2099 895 2140 ιε’,
990 2099 1197 2172 ἄλλαβινβῶν
1217 2099 1266 2138 ις’.
1307 2099 1380 2140 Πιρί
1398 2099 1586 2140 μαθημάτων
1606 2103 1666 2130 τῶν
1685 2098 1826 2138 mam->1

132 2112 1091 2238 ᾆᾜῖῶὲιβέιιαβλίεώνὺξίιᾶἓάαμςῗηὲαηέἓὲηλές
1201 2139 1891 2223 τηριιὴνιανοιανωαῦβιλιαευο
1849 2109 1922 2221 11εέ

322 2239 347 2266 ν,
369 2227 407 2258 α’·
429 2224 498 2257 Τῶν
518 2225 586 2265 περὶ
605 2223 812 2264 ἀστρολογίαν
834 2224 872 2262 ς’·
894 2222 1153 2296 Στοιχεῐαπρὸς
1235 2182 1560 2264 ἀρέῗιοζῶνπρὶᾼρώμῶ
1452 2223 1609 2266 βασιλείας,
1631 2222 1667 2253 δ’·
1634 2180 1768 2262 Πρὸς
1782 2222 1921 2264 Ἀρύβαν·

114 2274 213 2315 ‘¹¹⁹⁶‘
273 2252 1070 2354 Whueu‘ss‘fflmpffiffissefioehffifim
1041 2309 1061 2339 2
1082 2265 1179 2348 αἲξ).
1197 2265 1329 2348 117ξᾷ
1341 2265 1383 2297 θ
