2096 2633
948 127 1136 158 -7-

143 221 273 260 praeter
294 217 437 250 actiones
459 218 622 259 honestae,
644 218 685 250 de
706 217 918 250 efficientibus
940 217 1019 249 nihil
1034 220 1164 257 praeter
1178 216 1323 257 amicum,
1347 216 1404 248 sed
1419 219 1453 248 et
1467 217 1678 256 pertinentem
1699 218 1735 248 et
1748 216 1937 249 efficientem

144 270 334 311 sapientiam
360 270 473 301 volunt
502 278 588 301 esse:
618 278 691 301 nam
712 269 789 308 quia
810 268 970 308 sapientia
991 270 1043 299 est
1074 267 1268 299 conveniens
1290 255 1395 307 actio,⁸
1407 270 1459 298 est
1480 267 1513 298 in
1534 267 1590 298 illo
1610 266 1786 306 pertinenti
1806 276 1936 307 genere,

145 322 227 362 quod
249 320 333 361 dixi;
356 321 438 360 quod
460 323 566 356 autem
587 321 740 353 honestas
761 319 905 352 actiones
926 318 1032 351 adfert
1054 322 1088 350 et
1108 318 1218 359 efficit,
1241 317 1384 350 efficiens
1405 317 1470 349 dici
1492 320 1608 357 potest.
1635 320 1673 350 17
1697 327 1745 357 sq.

296 400 399 432 quom
427 391 543 433 decus,
569 392 660 432 quod
684 409 723 413 —
745 390 839 423 lectio
869 399 983 431 „quom
1006 390 1088 429 quod
1113 389 1232 422 decus“
1255 389 1416 421 reicienda
1438 392 1472 421 et
1497 389 1605 421 ordine
1631 389 1796 421 immutato
1819 389 1936 430 „decus

144 443 247 482 quod“
269 441 500 475 restituendum
521 444 582 483 est,
605 444 641 473 ut
662 441 804 482 plerique
823 441 1032 482 interpretum
1050 441 1208 483 fecerunt,
1231 440 1341 473 ordine
1357 440 1630 482 enimverborum',
1653 441 1707 480 qui
1728 440 1761 473 in
1776 441 1936 474 nonnullis

145 494 307 526 codicibus
329 494 371 533 (A
393 496 427 525 et
448 494 489 534 B)
511 493 639 534 legitur,
663 496 792 525 servato
815 493 943 533 ineptus
965 493 1059 532 plane
1085 502 1198 525 sensus
1221 492 1341 525 evadit.
1386 492 1467 523 Nam
1489 495 1524 523 ut
1546 494 1633 524 recte
1654 492 1839 533 Madvigius
1862 501 1934 524 con-

144 545 259 585 tendit,
282 544 365 583 quod
387 544 484 576 decus
507 544 589 575 idem
612 544 773 584 significat
794 546 890 583 atque
913 543 1012 584 „illud
1027 543 1123 575 decus
1139 543 1241 582 qu0d“
1265 556 1304 571 =
1327 543 1360 574 id
1383 542 1506 574 decoris
1528 551 1630 582 genus
1652 543 1744 581 quod.
1789 543 1852 575 Sed
1875 544 1935 576 hoc

143 596 211 627 loco
233 596 330 626 decus
353 595 529 634 oppositum
551 597 603 626 est
624 594 779 626 dedecori.

297 667 402 700 decus
419 685 458 689 —
476 665 638 706 significat
665 666 832 698 honestum
855 666 903 705 (τιὸ
924 665 1031 705 καλόν)
1055 666 1108 704 (cf.
1136 665 1277 705 Madvig.
1301 665 1341 696 de
1364 665 1417 697 fin.
1440 665 1484 705 Π,
1510 667 1560 705 11,
1584 665 1647 705 35),
1672 665 1722 696 cui
1744 666 1935 698 contrarium

143 720 195 749 est
217 718 365 749 dedecus.

297 789 490 822 commodas
511 798 570 822 res
594 806 633 810 —
657 787 833 827 Aptissime
866 787 908 818 ad
939 787 1018 819 haec
1051 788 1151 820 verba
1181 788 1382 820 inlustranda
1414 787 1537 819 faciunt
1563 797 1611 828 ea,
1645 797 1725 827 quae
1758 797 1776 820 e
1808 789 1935 821 Zenone

145 838 306 879 Diogenes
329 838 476 870 Laertius
498 838 572 883 VH,
598 841 655 871 101
682 848 729 877 sq.
752 838 877 870 attulit:
904 838 964 869 τῶν
985 839 1019 870 δὲ
1041 839 1133 869 ὄντων
1155 840 1225 879 φασὶ
1246 840 1283 869 τὰ
1304 839 1357 879 μὲν
1384 838 1491 879 ἀγαθὰ
1512 838 1593 877 εἶναι,
1614 840 1652 869 τὰ
1673 838 1706 869 δὲ
1725 838 1817 876 κακά,
1843 841 1882 870 τὰ
1902 839 1937 871 δὲ

145 889 293 929 οὐδέτερα·
317 889 422 929 ἀγαθὰ
443 890 495 929 μὲν
510 889 561 920 οὖν
583 889 635 926 τάς
650 900 682 920 τε
703 889 819 930 ἀρετάς,
842 889 991 929 φρόνησιν,
1009 888 1205 928 δικαιοσύνην,
1228 888 1370 928 ἀνδρείαν,
1393 888 1587 929 σωφροσύνην
1606 889 1657 918 καὶ
1677 890 1715 919 τὰ
1735 888 1833 919 λοιπά·
1853 891 1936 920 κακὰ

143 939 178 969 δὲ
198 940 236 970 τὰ
256 939 381 976 ἐναντία,
403 939 581 979 ἀφροσύνην,
603 939 717 970 ἀδικίαν
743 940 794 970 καὶ
819 941 857 970 τὰ
878 938 976 969 λοιπά·
1001 937 1143 976 οὐδέτερα
1165 938 1199 969 δὲ
1221 939 1277 968 ὅσα
1297 937 1372 978 μήτε
1394 937 1503 977 ὠφελεῖ
1524 937 1600 978 μήτε
1619 937 1751 978 βλάπιιει,
1773 939 1837 969 οἷον
1858 939 1933 980 ζωή,

142 987 246 1028 ὑγίεια,
268 987 374 1030 ἡδονή,
395 988 519 1027 κάλλος,
542 989 635 1027 ἰσχύς,
655 989 793 1027 πλοῦτος,
815 988 943 1027 εὐδοξία,
968 987 1107 1028 εὐγένεια·
1128 988 1179 1018 καὶ
1206 989 1243 1018 τὰ
1262 987 1375 1023 τούτοις
1398 987 1523 1024 ἐναντία,
1545 987 1688 1024 θάνατος,
1708 987 1804 1025 νόσος,
1830 988 1931 1026 πόνος,

143 1038 257 1076 αἶσχος,
280 1038 430 1077 ἀσθένεια,
452 1038 546 1078 πενία,
570 1039 683 1077 ἀδοξία,
700 1039 852 1080 δυσγένεια
872 1039 924 1069 καὶ
945 1039 983 1069 τὰ
1003 1038 1118 1074 τούτοις
1138 1036 1331 1078 παραπλήσια
1334 1060 1458 1074 .......
1470 1038 1512 1078 μὴ
1533 1038 1593 1077 γὰρ
1613 1037 1685 1068 εἶναι
1706 1042 1801 1069 ταῦτα
1820 1038 1936 1079 ἀγαθά,

144 1089 210 1119 ἀλλ’
232 1089 381 1129 ἀδιάφορα
401 1088 465 1119 κατ’
489 1089 567 1125 εἶδος
585 1088 766 1130 προηγμένα.

298 1163 352 1195 est
374 1163 456 1194 nata
472 1178 512 1182 —
528 1160 628 1191 verba
643 1160 702 1191 hoc
716 1159 825 1191 ordine
840 1169 860 1191 a
874 1159 966 1191 libris
981 1158 1108 1198 optimis
1124 1158 1246 1190 tradita
1261 1161 1345 1198 sunt,
1362 1168 1451 1197 quem
1466 1162 1578 1190 contra
1593 1168 1699 1191 eorum
1715 1161 1934 1196 auctoritatem

142 1211 268 1242 minime
290 1210 488 1242 mutaverim.

292 1284 456 1323 quonlam
478 1292 563 1317 usus
585 1284 762 1324 cepionem
783 1283 962 1316 duodecim
983 1284 1124 1316 tabulae
1145 1283 1240 1315 intra
1270 1283 1419 1322 quinque
1440 1283 1544 1323 podes
1571 1292 1648 1316 esse
1676 1286 1876 1319 noluerunt.
1891 1303 1934 1308 —-

142 1334 325 1373 Legebatur
335 1333 408 1364 olim
420 1333 640 1374 „voluerunt“,
657 1333 714 1364 sed
725 1333 843 1372 primus
852 1335 940 1364 recte
952 1332 1090 1364 correxit
1101 1331 1261 1363 Victorius
1281 1332 1495 1372 „noluerunt'‘‚
1512 1332 1562 1363 cui
1573 1332 1644 1372 ipsa
1659 1333 1711 1364 lex
1727 1334 1932 1375 suffragatur.

145 1384 213 1415 Lex
234 1383 347 1424 voluit,
369 1386 406 1415 ut
428 1384 512 1415 inter
534 1383 860 1427 vicinorumypraedia
882 1383 997 1415 finibus
1020 1383 1203 1414 constitutis
1231 1383 1368 1422 quinque
1390 1386 1445 1414 aut
1467 1392 1523 1414 sex
1544 1384 1657 1422 pedum
1680 1386 1828 1427 spatium,
1852 1388 1935 1426 quod

132 1434 276 1474 ‚usucapi
297 1443 360 1466 non
381 1436 502 1475 posset,
530 1434 771 1473 relinqueretur.
816 1434 900 1466 Illud
928 1437 1033 1466 autem
1057 1434 1202 1475 spatium,
1233 1434 1315 1473 quod
1340 1434 1471 1473 usucapi
1498 1443 1559 1465 non
1585 1438 1705 1476 posset,
1734 1436 1776 1468 ad
1802 1437 1933 1470 circum-

142 1483 330 1518 vertendum
353 1489 495 1518 aratrum
517 1495 652 1518 vacuum
675 1486 922 1527 relinquebatur,
945 1486 998 1517 ubi
1020 1488 1154 1525 uterque
1169 1486 1312 1517 dominus
1335 1489 1369 1517 et
1390 1485 1453 1517 iret
1467 1488 1500 1517 et
1512 1489 1636 1526 ageret.
1680 1487 1730 1519 De
1752 1497 1814 1527 quo
1830 1490 1934 1529 spatio

142 1537 388 1578 determinando,
412 1537 432 1569 i.
456 1546 483 1569 e.
514 1537 553 1569 de
575 1537 690 1569 finibus
713 1538 875 1579 regundis,
905 1537 1050 1577 quotiens
1072 1537 1113 1569 lis
1136 1537 1322 1578 exoriretur,
1354 1546 1393 1568 ex
1419 1537 1505 1577 legg.
1528 1537 1594 1568 XII
1617 1538 1704 1570 tabb.
1728 1541 1797 1571 tres
1819 1541 1932 1572 arbitri

142 1589 310 1630 dabantur,
333 1598 372 1620 ex
394 1589 467 1629 lege
489 1589 630 1621 Mamilia
652 1598 728 1621 vero
751 1598 831 1621 unus
853 1589 931 1629 eligi
952 1589 1072 1621 arbiter
1094 1591 1151 1620 aut
1171 1589 1277 1620 finium
1300 1592 1404 1620 rector
1426 1589 1571 1620 debebat.

293 1663 388 1696 intra
402 1661 539 1700 quinque
553 1662 650 1701 pedes
667 1680 706 1684 —
722 1662 897 1694 Fluctuant
912 1661 1037 1694 codices
1053 1671 1122 1693 cum
1133 1662 1351 1700 interpraepos
1366 1661 1481 1692 itiones
1504 1661 1629 1701 „inter“
1645 1665 1680 1693 et
1703 1662 1840 1705 „intra“,
1863 1667 1929 1696 tum

142 1713 227 1744 inter
251 1713 456 1752 „voluerunt“
482 1715 516 1744 et
540 1713 757 1752 „noluerunt“.
801 1713 948 1751 Plerique
969 1713 1177 1751 interpretum
1202 1713 1322 1751 „intra“
1347 1712 1533 1753 maluerunt,
1557 1712 1671 1751 quibus
1693 1714 1932 1747 adsentiendum
1962 1725 1966 1729 ·

143 1762 220 1795 mihi
248 1763 385 1803 videtur,
413 1762 487 1802 quia
521 1763 713 1802 praepositio
743 1763 829 1807 inter
856 1763 903 1795 ita
939 1763 1006 1795 fere
1033 1763 1174 1795 adhiberi
1205 1763 1294 1803 solet,
1322 1766 1358 1794 ut
1386 1763 1446 1794 duo
1472 1763 1553 1795 fines
1581 1764 1791 1806 nominentur,
1816 1764 1931 1805 'qiiibus

143 1815 269 1854 aliquod
292 1814 428 1854 spatium
445 1814 638 1855 continetur;
661 1815 867 1855 „noluerunt“
893 1824 955 1846 non
971 1818 1022 1846 est
1033 1815 1159 1846 dubium
1182 1814 1257 1853 quin
1282 1814 1482 1846 scribendum
1505 1814 1559 1855 sit,
1582 1815 1656 1854 quia
1670 1817 1930 1855 praecedentibus

143 1866 252 1897 verbis
269 1865 430 1897 sententia
444 1865 598 1905 negativa
614 1865 704 1904 quasi
719 1868 928 1904 praeparatur
942 1866 1102 1904 lectorque
1117 1866 1292 1905 exspectat,
1315 1868 1351 1896 ut
1366 1865 1487 1904 aliquid
1501 1866 1707 1904 prohibeatur
1727 1868 1779 1898 vel
1794 1870 1930 1900 vetetur.

296 1938 436 1980 depasci
459 1956 498 1960 —
527 1937 609 1970 idem
641 1938 802 1978 significat
831 1938 912 1977 quod
938 1937 1119 1979 transcribi,
1146 1938 1166 1970 i.
1196 1947 1224 1969 e.
1253 1936 1359 1977 adimi,
1386 1946 1488 1976 neque
1518 1937 1601 1970 enim
1630 1938 1734 1970 sinere
1763 1940 1832 1972 vult
1857 1940 1930 1972 illos

143 1989 252 2021 verbis
274 1989 366 2021 novis
388 1989 422 2020 id
444 1989 525 2028 quod
547 1988 729 2021 Academici
752 1989 929 2028 quaerendo
951 1989 1240 2029 investigaverunt,
1265 1988 1326 2020 sibi
1348 1988 1521 2021 vindicare.

293 2063 337 2095 ab
368 2062 435 2095 hoc
464 2063 565 2096 acuto
596 2063 736 2096 homine
764 2080 803 2084 -
831 2061 925 2093 Haud
956 2061 1050 2093 dubie
1082 2062 1142 2093 hoc
1173 2062 1241 2093 loco
1270 2061 1513 2102 intellegendus
1538 2064 1590 2093 est
1619 2062 1714 2103 Zeno,
1745 2061 1807 2095 no'n
1837 2072 1929 2102 quem

141 2113 326 2153 Wagnerus
360 2112 448 2153 dicit,
480 2113 674 2154 Antiochus;
713 2116 765 2144 est
795 2113 878 2144 enim
911 2113 1128 2144 controversia
1166 2114 1251 2144 inter
1284 2113 1424 2144 Stoicum
1457 2113 1613 2145 Zenonem
1649 2116 1683 2144 et
1712 2113 1930 2146 Academicos.

141 2163 317 2195 Antiochus
340 2165 446 2195 autem
472 2162 542 2203 ipse
568 2166 639 2195 erat
660 2163 850 2195 Academiae
873 2165 1023 2196 sectator.
1068 2163 1234 2196 Sententia
1262 2164 1429 2196 verborum
1458 2164 1586 2203 depasci
1612 2167 1751 2196 veterem
1780 2174 1828 2204 sq.
1857 2174 1932 2198 esse

140 2213 269 2246 videtur
289 2215 385 2247 haec:
408 2214 600 2246 Academiae
623 2214 784 2247 doctrinas
806 2215 897 2246 velut
918 2224 1030 2254 agrum
1051 2218 1238 2255 usucaptum
1261 2215 1323 2247 sibi
1344 2224 1495 2255 arrogare
1517 2215 1673 2246 Zenonem
1695 2224 1757 2247 non
1780 2216 1930 2249 sinemus.

140 2265 220 2297 Nam
242 2275 278 2297 re
302 2266 426 2305 quidem
450 2266 610 2297 consentit
637 2275 707 2297 cum
735 2265 933 2297 Academicis
962 2265 1137 2307 veteribus,
1163 2266 1271 2298 verbis
1301 2268 1424 2297 tantum
1450 2261 1619 2305 discrepat.
1668 2265 1851 2298 Translatio
1880 2271 1932 2299 est

143 2317 238 2349 ducta
259 2327 279 2349 a
301 2327 337 2349 re
359 2318 538 2357 pascuaria.
582 2317 644 2358 Qui
666 2327 780 2357 pecora
801 2317 908 2359 habet,
931 2317 961 2349 ei
983 2317 1015 2349 in
1032 2327 1120 2349 suum
1137 2328 1247 2358 agrum
1270 2327 1308 2349 ea
1330 2317 1499 2349 immittere
1520 2317 1606 2358 licet,
1628 2317 1660 2349 in
1674 2317 1811 2350 alienum
1834 2327 1932 2359 agere

141 2377 202 2400 non
226 2369 312 2401 licet.
