2096 2633
196 444 587 505 Ciceronis
617 443 704 497 de
738 441 1032 510 legibus
1064 441 1248 495 libri
1271 442 1318 494 I
1345 457 1498 510 cap.
1521 441 1614 497 21
1632 445 1707 497 et
1719 433 1837 497 22

737 553 1281 620 interpretatio,

275 746 370 796 Libri
387 747 480 786 primi
504 756 571 786 cap.
597 749 634 778 18
659 747 767 778 Cicero
791 746 868 777 dicit
890 746 939 778 ius
963 748 996 778 et
1017 755 1105 778 omne
1121 746 1288 777 honestum
1311 754 1368 776 sua
1384 748 1494 784 sponte
1509 746 1720 785 expetendum
1735 755 1904 786 omnesque

120 798 257 830 virtutes
273 808 330 837 per
346 807 381 829 se
398 807 470 829 esse
486 798 648 839 colendas3
672 797 785 829 deinde
809 806 877 836 cap.
895 799 935 829 20
958 797 1075 829 transit
1089 797 1131 828 ad
1146 796 1243 828 finem
1258 797 1407 827 bonorum
1423 797 1643 837 quaerendum,
1667 800 1904 830 controversam

119 859 185 882 rem
208 852 242 881 et
264 850 389 889 plenam
413 849 621 881 dissensionis
652 849 737 881 inter
765 847 965 880 doctissimos
994 848 1014 880 i.
1038 858 1065 880 e.
1088 848 1173 889 inter
1195 847 1358 886 antiquam
1380 848 1581 880 Academiam
1604 851 1638 880 et
1659 849 1826 891 Zenonem,
1849 849 1902 892 qui

119 901 268 932 inventor
291 903 325 932 et
346 900 494 940 princeps
518 901 692 932 Stoicorum
714 899 785 931 fuit.
831 899 894 930 Sed
917 900 1015 931 solum
1037 900 1076 931 de
1098 901 1161 930 una
1183 908 1228 939 re,
1251 901 1287 929 ut
1303 898 1462 930 Ciceronis
1485 899 1593 930 verbis
1615 903 1698 940 utar,
1721 901 1904 933 Academici

120 954 153 984 et
176 951 274 984 Stoici
304 951 471 993 dissident,
501 952 540 984 de
571 951 686 983 ceteris
717 950 848 982 mirifice
877 953 1064 992 congruunt,
1095 959 1165 982 cum
1194 949 1316 988 antiqui
1339 959 1437 991 omne,
1461 950 1543 989 quod
1567 951 1737 983 secundum
1759 956 1904 986 naturam

119 1002 216 1044 esset,
248 1013 307 1042 quo
337 1003 518 1035 iuvaremur
545 1004 577 1035 in
600 1004 678 1044 vita,
707 1004 822 1034 bonum
849 1002 1058 1042 decreverint,
1086 1001 1186 1034 Stoici
1214 1001 1276 1032 nisi
1305 1002 1387 1040 quod
1417 1003 1583 1033 honestum
1616 1006 1704 1035 esset
1731 1004 1809 1036 nihil
1831 1015 1904 1037 esse

119 1054 305 1094 putaverint
327 1055 452 1086 bonum.
498 1054 569 1094 Qua
591 1055 629 1086 de
651 1063 686 1085 re
709 1054 804 1085 etiam
827 1053 860 1084 in
883 1053 1027 1091 sequenti
1050 1053 1154 1092 capite
1177 1052 1354 1083 disseritur.

271 1123 346 1162 Cap.
364 1123 446 1162 21.*)
468 1123 674 1157 AT'HKUS.
697 1125 791 1163 Ergo
813 1123 1000 1156 adsentiris
1025 1123 1197 1156 Antiocho
1219 1122 1387 1154 familiari
1409 1132 1496 1163 meo,
1526 1124 1695 1163 magistro
1721 1125 1814 1158 euim
1835 1134 1904 1159 uon

119 1174 228 1206 audeo
250 1174 379 1214 dicere,
401 1182 548 1213 queem
568 1175 643 1206 vixi
664 1175 701 1205 et
721 1174 783 1212 qui
805 1182 860 1204 me
891 1181 936 1204 ex
955 1173 1086 1205 nostris
1107 1180 1215 1212 paene
1240 1173 1404 1205 convellit
1429 1173 1583 1208 hortulis
1618 1173 1831 1214 deduxitque
1866 1177 1904 1208 in

119 1222 336 1255 Academiam
357 1224 578 1264 pei-pauculis
598 1224 772 1263 passibus.
796 1240 835 1244 -
859 1214 1033 1253 Antiochus
1056 1221 1271 1262 Ascalonita¹)
1294 1221 1397 1253 Aristi
1424 1222 1549 1253 heredis
1572 1223 1691 1254 veteris
1713 1223 1905 1257 Academiae

119 1272 257 1313 frater2),
271 1273 414 1304 Philonis
427 1273 639 1313 discipulus‚³)
650 1273 796 1314 Athenis,
811 1273 1034 1313 Alexandriae,
1047 1274 1165 1304 Romae
1180 1275 1321 1304 moratus
1337 1276 1402 1319 est3
1425 1273 1579 1312 magistro
1596 1283 1632 1305 eo
1643 1275 1694 1305 usi
1705 1278 1780 1306 sunt
1792 1276 1904 1318 Varro,

119 1323 259 1365 Atticus,
279 1325 408 1366 Brutus,
429 1324 581 1364 imprimis
597 1326 702 1356 autem
719 1324 838 1356 Cicero.
872 1325 990 1356 Postea
1007 1324 1173 1355 Lucullum
1190 1323 1421 1365 imperatorem,
1436 1333 1527 1362 quem
1543 1324 1680 1357 Athenis
1699 1330 1903 1369 cognoverat,

120 1375 255 1408 caritate
269 1378 344 1408 ante
359 1376 439 1408 alios
451 1376 498 1407 ita
510 1376 689 1415 complexus
702 1379 762 1417 est,
778 1378 815 1407 ut
830 1385 900 1408 eum
911 1385 973 1407 non
985 1376 1083 1407 solum
1092 1376 1222 1407 Romam
1235 1378 1429 1416 sequeretur,
1447 1375 1503 1407 sed
1518 1375 1614 1407 etiam
1624 1377 1817 1417 temporibus
1829 1379 1905 1412 boui

119 1427 330 1459 Mithridatici
352 1427 385 1458 in
407 1427 518 1458 Asiam
533 1427 746 1459 comitaretur.
790 1427 881 1458 lllinc
899 1436 961 1458 non
976 1426 1038 1457 iam
1055 1425 1160 1467 rediit,
1179 1426 1281 1459 sedin
1297 1426 1390 1466 Syria
1405 1430 1545 1458 mortuus
1561 1428 1650 1468 estf)
1695 1429 1904 1462 Academicus

120 1478 244 1518 quidem
267 1478 499 1520 appellabatur,
532 1478 589 1511 sed
615 1482 695 1520 erat,
725 1479 753 1511 si
778 1488 937 1519 perpauca
964 1480 1128 1519 mutasset,
1159 1480 1195 1509 ut
1225 1477 1272 1510 ait
1300 1477 1419 1519 Cicero,
1447 1479 1706 1519 germanissimus
1739 1480 1904 1524 Stoicus‘)‚

120 1530 170 1561 cui
193 1530 293 1562 Stoici
316 1540 385 1561 cum
408 1530 634 1569 Peripateticis
660 1540 696 1562 re
723 1531 887 1562 concinere
917 1531 1116 1570 videbantur,
1144 1530 1253 1561 verbis
1281 1530 1473 1569 discrepare.
1522 1531 1559 1561 In
1588 1531 1772 1563 universum
1799 1535 1905 1565 antem

119 1583 286 1620 tantopere
309 1591 329 1612 a
351 1580 467 1612 Stoicis
491 1580 667 1623 differebat,
690 1584 726 1613 ut
748 1581 921 1613 Eclecticis
943 1581 1048 1621 potius
1071 1590 1163 1619 quam
1191 1580 1307 1612 Stoicis
1338 1581 1537 1612 adnumerari
1564 1584 1683 1621 posset.
1728 1583 1905 1616 Antiochus

119 1631 233 1663 librum
256 1633 294 1664 de
317 1632 602 1671 Peripateticorum
625 1635 659 1664 et
682 1627 857 1664 Stoicorum
880 1633 1044 1667 concordia
1066 1631 1205 1671 edidit‘)

274 1693 444 1732 magistro
468 1709 516 1724 ,-
546 1691 676 1723 Atticus
709 1691 844 1723 Athenis
879 1691 1028 1722 Antiochi
1058 1689 1210 1729 audit0r⁷)
1237 1690 1308 1731 fuit,
1345 1693 1457 1730 postea
1488 1693 1595 1723 autem
1627 1691 1759 1730 Epicuri
1785 1696 1905 1726 sectam
1965 1723 1968 1726 .

120 1745 248 1774 secutus
271 1744 332 1782 est,
355 1750 452 1780 quare
475 1742 682 1781 condiscipuli
703 1742 855 1781 Epicurei
876 1751 973 1782 aegre
995 1741 1155 1780 tulissent,
1179 1740 1207 1771 si
1229 1750 1299 1772 eum
1321 1741 1510 1781 magistrum
1531 1743 1729 1782 agnovisset.

268 1869 297 1908 *)
318 1868 362 1900 M.
376 1868 471 1900 Tullii
485 1868 633 1899 Ciceronis
647 1868 683 1900 de
694 1869 808 1909 legibus
822 1869 890 1900 libri
904 1878 939 1900 ex
951 1869 1150 1909 recognitione
1163 1862 1308 1899 Johannis
1322 1868 1462 1900 Vahleni.
1477 1870 1610 1902 Berolini
1632 1871 1723 1906 1871.
1749 1870 1905 1902 Praeterea

119 1911 243 1951 Davisii,
265 1910 430 1949 Goerenzii‚
449 1909 569 1948 Moneri,
591 1910 716 1949 Halmii,
737 1910 836 1949 Bakfi,
858 1909 1078 1951 Feldhuegelii‚
1100 1910 1140 1941 du
1161 1909 1295 1942 Mesnilii
1312 1911 1535 1944 commentariis
1556 1921 1627 1944 usus
1648 1921 1725 1945 sum.

273 1954 296 1991 ¹)
317 1952 404 1984 Plut.
431 1951 493 1983 cic.
520 1953 557 1983 41
592 1952 767 1994 ἀφικόμενος
794 1952 833 1989 εἰς
863 1950 1000 1994 Ἀθήνας
1025 1950 1180 1989 Ἀντιόχου
1214 1956 1266 1983 τοῦ
1292 1950 1513 1985 Ἀσκαλωνίτου
1540 1952 1686 1994 διήκωσε.
1714 1953 1753 1985 cf.
1780 1953 1902 1994 Gry-nr,

276 2018 279 2019 γ
317 1993 366 2042 die
386 1992 589 2024 Akademiker
608 1994 700 2024 Philo
720 1994 780 2024 und
800 1994 966 2024 Antiochus
986 2002 1016 2033 p.
1037 1994 1066 2023 8.
1888 1993 1891 1996 ⁴

270 2035 298 2117 ζ))
316 2031 511 2124 {lg-1552}
524 2034 776 2109 36'932Anfiochus
802 2076 905 2108 didicit
932 2076 1010 2116 apud
1031 2075 1192 2108 Philonem
1212 2076 1278 2107 tam
1299 2075 1359 2115 diu,
1381 2077 1417 2108 ut
1437 2077 1592 2116 constaret,
1621 2077 1732 2109 diutius
1765 2076 1902 2120 didicisse

269 2160 294 2220 Ξ)
315 2125 494 2190 ἒῗῗέῃῗῖἒ
516 2160 568 2191 42.
587 2159 650 2191 010.
669 2157 728 2191 Ao:
745 2158 790 2198 11,
813 2160 842 2207 11ἶ
863 2160 894 2191 4.
913 2157 958 2197 11,
980 2159 1028 2196 19,
1051 2159 1101 2190 61.

271 2202 298 2279 2,
399 2198 523 2273 a?
541 2199 790 2281 arefient·
892 2201 921 2231 *-

272 2283 299 2322 7)
321 2284 359 2315 cf.
381 2283 498 2323 Grysar
516 2293 546 2323 p.
568 2285 597 2315 9.
